5117 6834
1165 628 1198 736 3
1241 651 1424 746 g
1465 640 1573 708 ec
1646 625 1865 708 sunt
1925 603 2323 743 capitula
2360 629 2451 710 et
2490 604 3150 710 ordinamenta
3200 604 3436 713 facta
3471 630 3911 747 tempore
3987 605 4359 711 domini

1168 763 1352 890 {¹25
1382 834 1427 889 -
1466 782 1954 918 aymoneti
2068 780 2186 885 de
2290 802 2605 885 sancta
2699 782 3092 887 victoria
3195 784 3681 920 potestatis
3772 782 4358 887 baennarum

1176 1010 1341 1113 per
1417 975 1877 1112 sapientes
1964 972 2082 1077 ad
2155 973 2344 1077 hoc
2432 971 2784 1078 electos
2857 1011 2910 1077 a
2984 972 3435 1079 conscilio
3533 973 4149 1078 baennarum.
4249 976 4323 1078 si

1066 1220 1074 1229 ·
1180 1164 1418 1272 licet.
1506 1167 2075 1271 arditionem
2150 1164 2703 1313 bealecium.
2786 1164 3452 1272 Guillermum
3521 1190 3911 1307 spatam.
3972 1171 4352 1271 minum

1175 1363 1588 1499 nigrum.
1646 1359 2095 1465 obertum
2147 1361 2266 1465 de
2318 1358 2584 1464 colia.
2640 1357 3141 1464 henricum
3192 1358 3756 1502 burdicium.
3802 1359 4357 1464 villermum

1177 1553 1693 1693 girardum.
1740 1552 2128 1658 siulfum
2181 1555 2728 1658 cortesium.
2773 1552 3293 1657 iohannem
3334 1552 3801 1658 brucium.
3856 1552 4358 1658 henricum

920 1742 923 1743 ἢ
1038 1888 1039 1891 ¹
1180 1745 1686 1851 carnaliam
1708 1745 2366 1886 capitulatores
2415 1746 2635 1851 dicti
2685 1745 2868 1851 loci
2908 1771 2999 1853 et
3036 1745 3601 1852 confirmata
3640 1783 3806 1885 per
3845 1745 4360 1853 dominum

777 2914 932 3016 258

776 4614 931 4695 259

1178 1939 1677 2045 oddonem
1719 1939 1838 2044 de
1887 1941 2264 2079 Riparia
2313 1943 2772 2045 vicarium
2811 1939 3305 2045 reuerendi
3355 1941 3640 2078 patris
3693 1939 4065 2044 domini
4117 1940 4360 2043 Gui-

1178 2121 1456 2237 donis
1530 2111 2145 2238 miseratione
2218 2135 2536 2237 diuina
2609 2135 3052 2274 Episcopi
3117 2134 3533 2237 astensis,
3615 2132 3791 2237 sub
3864 2170 4119 2237 anno
4195 2131 4361 2237 do-
4436 2241 4444 2248 ,

1175 2328 1412 2431 mini
1489 2324 2009 2449 millesimo
2087 2363 2354 2433 cccx,
2435 2326 2904 2431 indicione
2979 2343 3199 2431 vn1².

1167 2833 1391 2997 DE
1448 2910 1685 2990 NON
1744 2908 2548 2990 ARENGANTIBUS
2585 2910 2694 2989 IN
2733 2908 3287 2989 CONSCILIO
3331 2844 3638 3004 QUOD
3675 2910 4119 3015 ALIQUID
4178 2911 4352 2989 DE-

1486 3068 1697 3148 TUR
1755 3069 1887 3147 DE
1942 3067 2253 3148 Boms
2310 3067 2805 3148 COMUNIS.
2861 3171 2865 3175 ὁ

1299 3286 1654 3490 &ma
1711 3397 2068 3460 statutum
2125 3404 2236 3459 est
2291 3380 2494 3483 quod
2552 3382 2614 3459 si
2668 3378 2913 3484 aliqua
2963 3405 3281 3484 persona
3366 3379 3458 3459 de
3525 3379 3887 3462 conscilio
3944 3408 4086 3486 que
4142 3380 4356 3461 fuerit

1175 3537 1492 3617 minoris
1545 3538 1822 3641 regesti
1877 3557 2264 3641 arengaret
2300 3536 2422 3616 uel
2459 3536 2880 3616 consuleret
2917 3537 2994 3616 in
3031 3536 3392 3616 conscilio
3447 3536 3621 3643 uille
3660 3531 4112 3618 baennarum
4152 3540 4354 3644 quod

1177 3694 1453 3799 aliquid
1510 3693 1802 3774 daretur
1856 3695 1950 3774 de
2008 3695 2226 3775 bonis
2279 3695 2627 3774 comunis
2681 3695 2756 3773 in
2810 3696 3164 3799 peccunia
3220 3694 3338 3774 uel
3395 3694 3544 3774 alio
3609 3694 3869 3775 mod0.
3930 3697 4085 3776 siue
4141 3698 4357 3776 remi-

1173 3870 1446 3932 teretur
1502 3853 1615 3932 ius
1669 3851 1845 3932 dicti
1914 3852 2259 3932 comunis
2331 3850 2574 3932 soluat
2629 3869 2704 3932 et
2758 3850 3049 3931 soluere
3121 3870 3454 3933 teneatur
3509 3851 3602 3932 de
3660 3879 3753 3933 eo
3792 3854 3994 3957 quod
4034 3852 4346 3933 daretur.

1045 4096 1050 4101 ,
1177 4008 1299 4090 uel
1354 3984 1818 4090 remiteretur
1872 4007 2087 4089 alicui
2144 4008 2236 4089 de
2292 4008 2513 4090 bonis
2568 4009 2746 4112 dicti
2819 4011 3164 4090 comunis
3244 4028 3534 4090 tantum
3617 4029 3976 4114 quantum
4034 4011 4355 4091 solueret

1177 4165 1300 4246 ille
1356 4168 1480 4272 qui
1539 4187 1732 4246 esset
1787 4167 1880 4246 de
1938 4166 2297 4248 conscilio
2355 4187 2428 4246 et
2483 4168 2560 4247 in
2616 4168 2884 4248 maiori
2936 4186 3264 4271 regesto,

1174 4510 1398 4673 DE
1454 4590 1690 4672 NoN
1746 4544 2367 4674 IURANTIBus
2424 4596 2535 4673 IN
2590 4594 3139 4689 Anoulssus
3209 4592 3877 4677 CONTRACTIS
3940 4595 4354 4718 msTRu-

1489 4749 2120 4833 MENTORUM.

1409 5087 1654 5146 ι»
1684 5057 2068 5142 'statutum
2108 5080 2218 5141 est
2255 5060 2458 5166 quod
2499 5060 2743 5166 aliqua
2794 5088 3114 5166 persona
3171 5063 3263 5141 de
3321 5061 3628 5141 baennis
3683 5061 3803 5140 uel
3861 5061 3960 5139 ibi
4016 5060 4355 5140 habitans
4427 5059 4444 5078 ⁸

1174 5247 1331 5301 non
1359 5221 1598 5326 possit
1629 5247 1765 5300 nec
1795 5218 2059 5299 debeat
2087 5220 2163 5299 in
2193 5218 2442 5323 aliquo
2473 5216 2970 5299 instrumento
3007 5219 3127 5299 uel
3168 5237 3552 5299 contractu
3579 5219 3820 5299 mutui
3858 5217 3979 5298 uel
4017 5218 4350 5298 usurario

1174 5378 1476 5483 aliquod
1533 5379 2028 5458 iuramentum
2085 5377 2205 5458 uel
2262 5395 2806 5458 sacramentum
2871 5378 3336 5483 interponere
3395 5403 3525 5457 seu
3577 5395 3898 5482 prestare
3956 5377 4099 5457 nisi
4156 5394 4349 5456 esset

1176 5537 1427 5618 minor
1480 5565 1632 5616 xxv
1687 5563 2056 5616 annorum
2119 5536 2253 5616 sub
2309 5563 2501 5640 pena
2557 5553 2632 5615 et
2687 5535 2935 5615 banno
2972 5561 3109 5640 pro
3148 5534 3473 5641 qualibet
3525 5561 3843 5642 persona
3900 5553 3974 5614 et
4028 5533 4352 5640 qualibet
