5117 6834
790 713 885 795 50

802 2231 884 2309 51

800 4535 891 4617 52

1136 612 1539 822 Ql-JOD
1594 694 1956 777 BANNA
2007 694 2641 776 SOLUANTUR
2696 693 2770 775 A
2823 693 3477 778 PASTORIBUS.

1266 911 1452 1113 gg&
1464 1028 1619 1084 TEM
1675 1022 2028 1085 statutum
2067 1022 2177 1084 est
2214 1005 2416 1109 quod
2471 1023 2803 1109 pastores
2856 1022 3239 1085 teneantur
3285 1004 3573 1086 soluere
3615 1008 3850 1085 banna
3888 1025 3962 1086 et
3999 1006 4316 1087 emenda

1150 1189 1282 1266 pro
1321 1160 1463 1241 illis
1499 1162 1752 1243 bestiis
1806 1189 1945 1266 que
2001 1181 2333 1243 accusate
2370 1160 2637 1242 fuerint
2674 1165 2807 1241 sub
2846 1162 3179 1242 custodia
3233 1134 3585 1268 ipsorum.
3628 1164 3728 1242 ita
3763 1162 4062 1267 quidem
4113 1163 4315 1268 quod

1150 1346 1304 1398 non
1342 1320 1576 1423 possit
1629 1320 1777 1424 peti
1828 1319 2109 1399 dictum
2163 1322 2492 1400 bannum
2547 1338 2622 1399 et
2678 1321 2991 1400 emenda
3047 1346 3183 1424 pro
3235 1319 3450 1401 dictis
3503 1321 3757 1401 bestiis
3811 1320 3888 1399 in
3942 1319 4088 1400 hoc
4144 1346 4316 1400 casu

1024 1524 1032 1533 ·
1149 1477 1291 1556 nisi
1344 1476 1756 1581 pastoribus
1810 1477 2259 1581 supradictis.
2319 1504 2413 1556 eo
2470 1476 2677 1557 saluo
2732 1477 2935 1582 quod
2991 1478 3052 1557 si
3106 1495 3354 1581 pastor
3420 1476 3541 1558 uel
3611 1496 3944 1581 pastores
3972 1466 4169 1558 ⁴sunt
4222 1477 4317 1558 de

1150 1631 1424 1713 familia
1458 1633 1745 1714 domini
1782 1635 2202 1714 bestiarum.
2235 1652 2308 1714 et
2344 1661 2500 1714 non
2537 1634 2922 1715 habuerint
2956 1634 3152 1714 unde
3184 1633 3498 1714 soluant.
3538 1633 3892 1715 dominus
3921 1635 4318 1716 bestiarum

1153 1791 1229 1869 in
1283 1789 1414 1869 illo
1470 1817 1640 1870 casu
1679 1789 1966 1871 soluere
2001 1809 2332 1872 teneatur
2371 1793 2707 1871 bannum
2744 1809 2817 1871 et
2855 1791 3248 1871 emendam
3285 1818 3420 1896 pro
3458 1792 3711 1872 bestiis
3749 1792 3900 1872 suis
3937 1793 4314 1872 accusatis.

1140 2143 1541 2348 QL-JOD
1582 2223 2014 2305 EDIFICIA
2051 2222 2393 2303 FACTA
2429 2223 2742 2304 SUPER
2779 2223 3194 2304 COMUNI
3240 2225 3969 2309 COPERIANTUR
4020 2228 4301 2308 CUPIS

1451 2382 1647 2461 UEL
1683 2381 2274 2462 SCANDOLIS.

1280 2675 1345 2774 ²²4.
1374 2609 1439 2784 ’.ἓ
1471 2708 1627 2764 TEM
1682 2702 2033 2764 statutum
2073 2703 2182 2763 est
2219 2684 2421 2789 quod
2460 2682 2784 2788 quelibet
2829 2709 3143 2788 persona
3197 2684 3474 2765 habens
3528 2711 3659 2765 seu
3699 2711 3842 2789 que
3881 2654 4320 2764 infuturum

1156 2841 1484 2921 habuerit
1521 2840 1840 2946 aliquam
1876 2842 2243 2945 porticum
2282 2868 2410 2921 seu
2449 2841 2822 2938 edificium
2852 2840 3152 2946 aliquod
3193 2867 3407 2947 super
3443 2843 3746 2922 comuni
3786 2844 3862 2921 in
3898 2840 4073 2921 uilla
4111 2842 4323 2921 baen-

1155 3025 1413 3078 narum
1467 3016 1798 3077 teneatur
1861 3017 1934 3078 et
1995 2997 2258 3080 debeat
2320 2997 2604 3079 dictum
2668 2998 3040 3078 edificium
3105 3025 3234 3079 seu
3297 3000 3663 3105 porticum
3728 3000 4055 3104 coperire
4121 3000 4325 3103 cupis

1154 3155 1276 3235 uel
1331 3154 1700 3235 scandolis
1754 3182 1983 3260 usque
2020 3155 2111 3234 ad
2152 3173 2487 3236 sanctum
2525 3154 2965 3237 laurentium
3001 3156 3425 3260 proximum
3478 3174 3895 3236 uenturum.
3957 3157 4088 3236 sub
4136 3182 4324 3261 pena

1156 3309 1586 3431 solidorum*
1621 3338 1672 3390 v
1727 3313 2128 3394 astensium
2182 3339 2319 3417 pro
2374 3310 2697 3417 qualibet
2732 3329 3046 3418 persona
3107 3309 3693 3393 contrafaciente.
3736 3331 3809 3392 et
3845 3340 3888 3392 a
3923 3312 4128 3392 dicto
4172 3331 4324 3393 ter-

1156 3470 1366 3549 mino
1430 3468 1615 3549 ultra
1688 3495 1976 3573 semper
2050 3488 2123 3549 et
2195 3471 2544 3550 continue
2607 3488 3084 3566 manutenere
3148 3487 3533 3574 copertum
3595 3468 3877 3549 dictum
3949 3468 4325 3550 edificium

1158 3627 1360 3731 cupis
1414 3625 1532 3705 uel
1589 3625 1957 3706 scandolis
2012 3627 2145 3706 sub
2201 3626 2463 3706 eadem
2497 3652 2709 3731 pena.
2768 3624 2969 3731 quod
3006 3625 3405 3731 capitulum
3440 3625 3715 3706 factum
3772 3644 3882 3706 est
3939 3627 4071 3706 sub
4126 3653 4326 3705 anno

1160 3783 1449 3863 domini
1503 3782 1906 3863 millesimo
1961 3807 2450 3863 cc.1.xxxx111
2506 3780 2868 3862 inditione
2934 3802 3137 3863 sexta
3190 3782 3311 3863 die
3364 3782 3634 3863 ultimo
3688 3784 4005 3887 augusti.
4063 3782 4198 3890 (2)
4254 3800 4328 3861 et

1160 3960 1487 4046 potestas
1539 3942 1773 4045 possit
1829 3959 1903 4020 et
1956 3957 2287 4019 teneatur
2324 3938 2497 4019 inde
2535 3940 2921 4045 inquirere.
2981 3959 3054 4020 et
3088 3939 3395 4045 quilibet
3447 3942 3683 4045 possit
3737 3939 3909 4020 inde
3964 3967 4326 4021 accusare.

1163 4118 1235 4179 et
1291 4099 1446 4179 eius
1501 4099 1915 4179 iuramento
1971 4098 2323 4179 credatur.

1141 4428 1543 4634 QOD
1598 4508 1986 4590 ACCUSE
2041 4511 2096 4587 F
2100 4508 2353 4589 IANT
2409 4508 2716 4589 INFRA
2772 4507 3197 4590 CERTUM
3249 4511 3828 4595 TERMINUM.

1326 4761 1348 4806 ,5)
1368 4757 1450 4814 ἰἧττ

1286 4759 1329 4840 ⁴,
1376 4815 1448 4922 ἕ
1478 4856 1634 4912 TEM
1697 4849 2050 4911 statutum
2116 4849 2228 4911 est
2289 4830 2490 4936 quod
2557 4856 2826 4911 omnes
2889 4858 3145 4911 accuse
3211 4832 3748 4935 campariorum
3802 4831 3959 4913 fieri
4015 4832 4332 4913 debeant

1163 4989 1344 5073 insta
1379 4989 1680 5069 tertium
1716 4987 1917 5068 diem
1955 5016 1996 5067 a
2042 4969 2173 5068 die'
2201 4986 2642 5067 offensionis
2687 4985 2873 5066 facte
2929 4986 3049 5067 uel
3103 4987 3404 5093 dampni
3467 4987 3640 5068 dati.
3690 4986 4018 5094 alioquin
4066 5017 4334 5071 omnes

1162 5176 1418 5230 accuse
1474 5148 1679 5228 aliter
1734 5149 1918 5228 tacte
1974 5146 2245 5226 nullius
2298 5145 2572 5226 ualoris
2627 5145 2773 5226 sint
2810 5165 2884 5226 et
2920 5146 3340 5226 habeantur.
3398 5147 3491 5226 Et
3546 5147 3691 5227 hoc
3746 5173 3903 5228 non
3956 5148 4193 5252 possit
4229 5175 4334 5228 re-

1162 5307 1451 5387 moueri
1517 5304 1878 5386 conscilio
1941 5302 2060 5384 uel
2123 5302 2272 5383 alio
2334 5302 2600 5382 modo,
2659 5321 2731 5382 et
2785 5304 2863 5382 in
2916 5302 3147 5383 tribus
3213 5302 3430 5384 dictis
3491 5302 3751 5383 diebus
3813 5323 4332 5409 computentur

1163 5464 1323 5544 dies
1385 5461 1823 5544 offensionis
1884 5461 2054 5541 date
2119 5485 2247 5539 seu
2310 5459 2612 5564 dampni
2675 5460 2849 5540 dati.
2906 5499 2960 5541 et
2995 5488 3136 5558 quod
3173 5487 3227 5540 in
3264 5487 3495 5558 qualibet
3539 5504 3722 5542 accusa
3768 5487 4097 5542 contineatur
4133 5503 4334 5543 nomen

1164 5648 1268 5701 diei
1304 5648 1358 5700 in
1395 5664 1497 5718 qua
1534 5647 1669 5701 facta
1706 5646 1812 5701 fiet.
1850 5618 1985 5726 (3)
3198 5613 3202 5616 Δ
