5117 6834
746 653 894 752 364
1120 563 1344 729 DE
1400 640 1865 724 PRIUATIS
1904 640 2040 720 ET
2082 637 2660 758 QUINTANIS
2716 634 3361 717 CLAUDENDIS
3397 632 3728 714 IUXTA
3785 631 4299 713 PLATEAM.

1265 888 1286 932 :-
1307 873 1380 920 n>
1401 875 1433 930 ἢ

1267 935 1328 976 :‘·.
1357 924 1420 1004 5:5¹

1271 971 1290 984 ,
1323 975 1326 979 .

1259 999 1310 1038 ἐι,
1357 1001 1404 1052 ψ
1439 986 1620 1042 TEM
1660 979 2016 1039 statutum
2058 978 2169 1040 est
2224 960 2425 1064 quod
2485 960 2809 1064 quelibet
2863 987 3182 1065 persona
3218 960 3500 1040 habens
3551 961 3943 1065 quintanas
4000 989 4128 1041 seu
4156 1015 4160 1019 .
4185 965 4320 1068 pri·

1135 1140 1343 1199 uatas
1400 1121 1474 1197 in
1531 1138 1862 1198 contrata
1918 1117 2156 1223 platee
2215 1117 2666 1198 baennarum
2723 1117 2989 1198 debeat
3045 1145 3171 1203 eas
3222 1117 3560 1197 claudere
3599 1137 3674 1199 et
3711 1146 4023 1199 murare.
4082 1118 4321 1200 taliter

1135 1278 1340 1384 quod
1398 1274 1588 1357 fetor
1641 1304 1799 1357 non
1856 1278 2094 1381 possit
2152 1276 2322 1356 inde
2380 1303 2650 1356 nocere
2735 1277 2811 1356 in
2893 1275 3134 1379 aliqua
3218 1303 3360 1380 que
3418 1275 3632 1355 fuerit
3688 1279 3764 1356 in
3820 1276 4113 1381 plathea
4168 1305 4324 1382 pre·

1140 1437 1334 1517 dicta
1392 1435 1508 1515 uel
1568 1436 1702 1515 sub
1759 1436 2063 1540 porticis
2119 1462 2260 1539 que
2319 1454 2487 1513 sunt
2546 1435 2749 1514 iuxta
2805 1434 3149 1539 plateam.
3194 1436 3329 1513 sub
3367 1461 3555 1539 pena
3595 1433 4011 1516 solidorum
4050 1463 4148 1516 tx
4187 1465 4321 1541 pro

1145 1594 1467 1699 qualibet
1523 1620 1839 1698 persona
1896 1591 2490 1672 contrafaciente.
2550 1611 2624 1671 et
2680 1591 3001 1696 qualibet
3058 1593 3242 1672 uice.
3303 1593 3395 1671 Et
3453 1612 3783 1696 potestas
3838 1611 4171 1675 teneatur
4227 1595 4323 1675 fa—

1144 1780 1306 1832 cere
1362 1751 1696 1856 predicta·
1744 1750 2116 1830 obseruari
2175 1769 2247 1829 et
2305 1749 2686 1854 compleri.
2746 1751 2837 1830 Et
2893 1751 3131 1855 possit
3168 1750 3261 1830 de
3300 1750 3648 1855 predictis
3697 1753 4060 1856 inquirere
4118 1718 4319 1857 quod

1144 1909 1375 2024 facere
1457 1909 1616 1989 fieri
1698 1927 2033 1988 teneatur
2114 1925 2443 2011 potestas
2518 1935 2747 2012 usque
2806 1908 2896 1988 ad
2953 1907 3223 1989 festum
3299 1908 3793 2014 carnispluuii.
3850 1910 3944 1990 Et
4000 1910 4324 2015 quelibet

1145 2095 1458 2172 persona
1515 2068 1752 2171 possit
1808 2065 1981 2145 inde
2037 2092 2373 2145 accusare
2432 2085 2503 2144 et
2563 2067 2629 2145 ei
2688 2068 3107 2147 iurameuto
3162 2067 3519 2147 credatur.
3579 2069 3671 2147 Et
3727 2069 3992 2148 habeat
4029 2071 4322 2149 tertiam

1143 2245 1425 2329 partem
1486 2225 1728 2304 banni.
1790 2242 1867 2303 et
1923 2226 2244 2303 bannum
2303 2224 2549 2303 excuti
2624 2225 2860 2328 possit
2924 2226 3417 2305 incontinenti
3494 2226 3652 2305 sine
3726 2224 4190 2307 deffensione
4252 2245 4325 2306 et

1145 2383 1854 2487 condempnatione.

757 2816 897 2914 355
1125 2712 1349 2878 DE
1401 2760 1879 2886 POSSATo
1937 2787 2460 2869 FACIENDo
2516 2786 2661 2866 AD
2717 2786 3160 2867 FONTEM
3215 2784 3756 2865 MoNEAcn.
3845 2782 4017 2912 (3)

1149 3305 1372 3386 quam
1428 3306 1470 3357 a
1523 3295 1754 3382 ponte
1811 3277 2151 3357 moneaci
2209 3257 2439 3382 usque
2496 3276 2587 3356 ad
2646 3276 3152 3356 trauachetum
3209 3276 3344 3385 (4)
3420 3298 3494 3358 et
3546 3296 3837 3382 pratum
3904 3280 4326 3382 co'gnorum

1150 3457 1223 3518 et
1279 3436 1368 3516 ad
1426 3436 1704 3516 uadum
1761 3435 2158 3514 trauacheti
2216 3437 2306 3513 ab
2364 3453 2668 3538 utraque
2724 3454 2926 3538 parte
2984 3436 3101 3514 uie
3158 3454 3493 3515 teneatur
3549 3456 3621 3515 et
3678 3434 3942 3515 debeat
3991 3436 4224 3517 facere
4256 3457 4328 3516 et

1150 3614 1630 3675 manutenere
1690 3620 1817 3673 seu
1876 3593 2107 3671 lacere
2162 3591 2320 3672 fieri
2380 3618 2614 3670 unum
2669 3593 3030 3671 fossatum
3091 3620 3304 3697 super
3343 3620 3471 3672 sua
3509 3595 3985 3698 possessione
4023 3594 4328 3697 'largum

1149 3754 1387 3834 tribus
1423 3750 1733 3857 pedibus
1791 3771 1862 3830 et
1918 3749 2368 3856 profundum
2407 3748 2701 3829 duobus
2738 3750 2908 3828 hinc
2947 3750 3039 3829 ad
3079 3750 3349 3830 festum
3389 3757 3859 3855 pentecostes
3897 3753 4328 3855 proximum

1150 3913 1283 3992 sub
1338 3937 1527 4016 pena
1582 3909 1996 3991 solidorum
2054 3931 2128 3990 111
2185 3936 2320 4013 pro
2394 3906 2718 4012 qualibet
2789 3934 3114 4022 *persona
3195 3908 3788 3989 contrafaciente.
3850 3910 3942 3988 Et
3998 3908 4325 4013 quelibet

1149 4096 1464 4176 persona
1524 4069 1761 4173 possit
1817 4066 1990 4147 inde
2046 4093 2383 4146 accusare
2441 4085 2514 4144 et
2572 4066 2637 4145 ei
2696 4067 3114 4145 iuramento
3198 4066 3531 4145 credatur
3588 4084 3661 4145 et
3717 4067 3981 4146 habeat
4037 4067 4330 4145 tertiam

1153 4246 1435 4332 partem
1492 4227 1737 4306 banni.
1788 4244 1865 4311 Et
1911 4266 1945 4309 a
1993 4261 2156 4310 terra
2202 4240 2509 4308 heredum
2579 4244 2741 4329 petri
2790 4240 2999 4308 bellixi
3070 4264 3267 4330 usque
3337 4242 3413 4308 ad
3482 4241 3829 4309 canaletam
3894 4264 4163 4331 persona
4208 4266 4331 4332 que

1150 4399 1404 4468 habebit
1467 4400 1741 4489 aliquam
1802 4401 2278 4488 possessionem
2342 4416 2666 4466 tenentem
2713 4421 2861 4465 cum
2909 4398 3074 4465 dicta
3129 4400 3233 4465 uia
3285 4398 3586 4466 deuersus
3633 4421 3888 4466 cuzeam
3936 4417 4221 4467 teneatur
4269 4418 4331 4467 et

1149 4558 1373 4626 debeat
1420 4556 1622 4624 facere
1668 4557 1976 4624 fossatum
2023 4578 2315 4624 crossum
2385 4578 2474 4625 1111
2521 4555 2785 4644 pedibus
2831 4574 2894 4623 et
2958 4529 3205 4646 largum
3251 4580 3293 4622 v
3340 4558 3404 4623 in
3454 4558 3619 4624 eima
3665 4559 3751 4624 ita
3797 4556 3970 4646 quod
4016 4580 4174 4646 aqua
4219 4580 4332 4645 per

1150 4718 1392 4787 dictum
1458 4716 1768 4785 fossatum
1831 4718 2030 4805 possit
2095 4714 2221 4784 labi
2267 4715 2383 4782 sub
2441 4738 2603 4803 pena
2669 4715 3022 4782 solidorum
3068 4739 3152 4781 xx
3199 4718 3543 4783 astensium
3590 4734 3651 4783 et
3705 4734 3982 4804 potestas
4045 4734 4331 4782 teneatur

1150 4878 1468 4965 inquirere
1514 4874 1644 4965 (5).
