5117 6834
757 777 900 855 337

753 2168 896 2268 338

745 3765 890 3842 339

1126 671 1279 834 D
1289 749 1348 828 E
1403 749 1740 830 CESSIA
1795 749 2434 830 PLANTANDA
2492 750 2600 829 IN
2658 747 3133 829 FOSSATO
3193 745 3754 827 AYRALIUM.
3839 753 3843 757 ’

1256 965 1612 1168 Qum
1668 1083 2024 1145 statutum
2082 1087 2192 1146 est
2248 1067 2449 1169 quod
2507 1065 2832 1169 quelibet
2888 1091 3202 1170 persona
3259 1092 3401 1168 que
3459 1066 3677 1144 habet
3734 1066 4003 1169 ayralia
4043 1066 4161 1181 uel
4203 1094 4316 1146 or-

1140 1241 1299 1302 tum
1359 1225 1561 1302 iuxta
1618 1203 1975 1304 fossatum
2032 1222 2389 1327 ayralium
2427 1242 2761 1303 teneatur
2798 1223 3124 1327 plantare
3162 1250 3384 1302 unam
3425 1226 3733 1303 cessiam
3776 1251 3989 1328 super
4028 1225 4314 1304 dictum

1139 1379 1520 1461 fossatum.
1578 1381 1671 1460 Et
1725 1380 1870 1461 hoc
1927 1380 2159 1460 facere
2217 1399 2548 1461 teneatur
2606 1408 2834 1485 usque
2892 1381 2981 1460 ad
3041 1380 3389 1460 kalendas
3444 1382 3709 1486 aprilis,
3773 1380 3905 1461 sub
3961 1409 4149 1486 pena
4200 1409 4315 1462 so-

1047 1633 1055 1641 ,
1139 1538 1462 1638 lidorum
1517 1567 1615 1618 111.
1676 1558 1748 1619 et
1804 1538 2005 1643 quod
2062 1557 2392 1642 potestas
2475 1540 2710 1643 possit
2794 1539 2964 1618 inde
3032 1540 3416 1643 inquirere.
3481 1558 3551 1618 et
3610 1539 3936 1643 quelibet
3993 1567 4311 1643 persona

1138 1698 1374 1802 possit
1431 1697 1600 1776 inde
1658 1723 2018 1776 accusare.
2080 1715 2151 1775 et
2209 1697 2272 1774 ei
2332 1697 2750 1775 iuramento
2808 1697 3160 1775 credatur.

1131 2085 1531 2295 QJoD
1587 2165 2116 2247 PoTEsTAs
2171 2165 2730 2245 TENEATUR
2789 2163 3177 2244 FACERE
3232 2162 3532 2241 somn
3590 2105 4080 2240 'coMUNIA
4138 2160 4299 2238 Ex-

1442 2325 1875 2406 TIMATA.

1276 2557 1335 2622 sb·
1368 2558 1433 2608 *2⁷-

1275 2570 1608 2724 {fb-TEM
1665 2663 2019 2724 statutum
2078 2663 2187 2723 est
2244 2644 2443 2747 quod
2503 2662 2834 2747 potestas
2890 2663 3224 2723 teneatur
3281 2643 3512 2723 facere
3571 2644 3762 2724 solui
3802 2647 4151 2725 comunia
4192 2674 4311 2726 ex-

1134 2803 1392 2880 timata
1448 2828 1574 2904 per
1631 2802 2111 2881 extimatores
2166 2802 2510 2880 comunis
2568 2802 3016 2880 baennarum
3089 2800 3232 2880 illis
3286 2802 3408 2905 qui
3467 2829 3622 2881 non
3681 2801 4061 2883 soluerunt
4117 2804 4310 2883 dicta

1136 2958 1485 3037 comunia
1544 2959 1616 3035 in
1675 2957 1833 3037 dies
1869 2985 1971 3037 xv
2010 2977 2405 3062 postquam
2464 2958 2829 3037 iurauerit.
2873 2959 2962 3037 Et
2995 2959 3053 3037 si
3091 2983 3245 3037 non
3287 2958 3645 3038 soluerint
3681 2960 3923 3063 primo
3962 2978 4310 3064 precepto

1135 3134 1464 3219 potestas
1517 3134 1849 3194 teneatur
1905 3114 2137 3195 facere
2193 3117 2458 3195 uastari
2500 3116 2693 3194 dicta
2733 3117 3081 3195 comunia
3121 3118 3423 3196 comuni
3466 3117 3937 3196 baennarum.
3999 3118 4091 3197 de
4130 3145 4310 3223 qua-

1135 3270 1312 3351 libet
1367 3271 1603 3351 domo
1659 3300 1849 3352 unus
1902 3272 2163 3352 homo,

1128 3655 1532 3864 QJOD
1590 3737 2229 3818 DESIGNETUR
2289 3737 2464 3816 UIA
2520 3737 2591 3815 A
2649 3736 2824 3854 UIA
2881 3734 3254 3814 SANCTI
3310 3732 3669 3831 JACOBI
3734 3731 4080 3813 SUPRA.

1253 3953 1606 4157 Qum
1663 4078 2018 4139 statutum
2058 4080 2168 4139 est
2216 4058 2418 4163 quod
2456 4077 2789 4164 potestas
2825 4079 3158 4140 teneatur
3197 4058 3429 4139 facere
3476 4061 3847 4163 designari
3887 4060 4307 4140 aterminari

1134 4238 1206 4298 et
1262 4237 1739 4297 manutenere
1794 4217 1995 4296 uiam
2051 4243 2273 4296 unam
2314 4245 2353 4295 a
2392 4217 2590 4296 uado
2649 4218 2876 4296 sancti
2933 4217 3192 4318 Jacobi
3232 4216 3365 4323 (1)
3404 4243 3635 4321 usque
3673 4218 3748 4296 in
3786 4215 4018 4297 finem
4076 4218 4305 4296 sancti

1132 4374 1395 4455 albani.
1455 4400 1681 4477 penes
1737 4390 2046 4452 costam.
2107 4374 2292 4452 sicut
2349 4372 2553 4451 infra.
2614 4376 2704 4453 ab
2760 4392 3064 4477 utraque
3131 4393 3329 4478 parte
3387 4375 3525 4452 uie.
3587 4401 3729 4477 que
3786 4374 3903 4451 uia
3935 4374 4028 4452 sit
4064 4372 4307 4478 ampla

1133 4560 1174 4610 a
1230 4530 1431 4610 dicto
1487 4531 1682 4612 uado
1739 4557 1968 4634 usque
2024 4531 2114 4609 ad
2173 4549 2638 4609 cassenetum
2710 4531 2922 4611 burse
2996 4557 3141 4610 va
3224 4531 3533 4636 pedibus
3590 4552 3662 4610 et
3717 4560 3759 4610 a
3816 4531 4018 4640 dicto
4076 4557 4307 4627 casse-

1133 4708 1314 4770 neto
1390 4716 1600 4792 supra
1658 4690 1751 4768 sit
1815 4686 2056 4791 ampla
2112 4689 2232 4766 uia
2301 4688 2624 4792 predicta
2681 4715 2780 4768 XL
2836 4688 3145 4794 pedibus
3199 4689 3356 4795 (2).
3426 4690 3515 4768 Et
3574 4691 3718 4769 hoc
3791 4707 4124 4768 teneatur
4179 4716 4308 4793 po·

1017 4945 1022 4951 ⁸
1128 4865 1355 4928 testas
1409 4846 1791 4951 adimpleri
1850 4848 1923 4925 in
1982 4873 2318 4926 mensem
2359 4873 2590 4925 unum
2630 4865 3027 4951 postquam
3067 4848 3411 4927 iurauerit
3448 4849 3785 4951 regimen
3826 4847 4301 4927 baennarum.

1128 5006 1335 5086 Etsi
1392 5033 1533 5110 qua
1589 5032 1901 5109 persona
1958 5004 2399 5084 laborauerit
2439 5005 2513 5083 in
2552 5004 2747 5084 dicta
2803 5005 2921 5083 uia
2976 5004 3164 5084 ultra
3219 5005 3582 5085 terminos
3634 5004 4007 5110 predictos
4063 5004 4304 5085 soluat

1126 5190 1263 5267 pro
1317 5189 1504 5266 pena
1561 5162 1846 5244 solidos
1900 5189 1976 5242 111
2029 5189 2165 5266 pro
2221 5161 2544 5266 qualibet
2601 5163 2760 5242 uice
2818 5183 2891 5241 et
2946 5161 3269 5267 quelibet
3306 5189 3619 5267 persona
3676 5165 3910 5266 possit
3965 5163 4137 5242 inde
4193 5189 4304 5242 ac-

1129 5346 1377 5399 cusare
1434 5339 1507 5399 et
1564 5321 1629 5400 ei
1687 5305 2102 5400 iuramento
2159 5318 2512 5399 credatur.
