5117 6834
827 1307 926 1382 92

815 4593 907 4669 93

1199 602 1421 682 clesia
1475 600 1611 707 (3)
1660 619 1855 681 esset
1909 625 2223 679 consors
2285 597 2657 677 dictorum
2726 595 3098 677 malorum
3164 596 3587 677 debitorum
3645 597 3849 702 quod
3922 625 4078 678 non
4146 600 4381 704 possit

1199 759 1355 839 dari
1424 784 1738 838 consors
1809 756 2027 835 dictis
2081 754 2298 834 malis
2352 752 2813 833 debitoribus
2868 752 2996 832 sed
3056 752 3196 833 alie
3252 780 3566 858 persone
3626 781 3769 857 que
3844 774 4090 834 essent
4143 756 4383 859 proxi-

1199 914 1480 994 miores
1534 913 1752 994 dictis
1805 910 2022 992 malis
2076 910 2556 991 debitoribus.

1171 1222 1575 1428 QJOD
1636 1304 1878 1388 NON
1939 1306 2607 1388 PRESTENTUR
2670 1305 3005 1388 BOUES
3077 1303 3593 1387 HOMINUM
3662 1304 4263 1387 BENNARUM.

1302 1540 1487 1743 Q
1515 1669 1672 1724 TEM
1728 1660 2083 1723 statutum
2139 1659 2250 1721 est
2305 1640 2507 1745 quod
2564 1668 2719 1721 non
2773 1642 3009 1745 possit
3046 1640 3202 1720 fieri
3250 1639 3549 1746 aliquod
3606 1642 4209 1724 ordinamentum
4250 1674 4376 1727 seu

1199 1800 1603 1907 capitulum
1659 1802 1735 1880 in
1796 1800 2054 1878 bennis
2089 1826 2215 1903 per
2253 1796 2692 1878 conscilium
2748 1798 2923 1877 dicti
2980 1797 3126 1877 loci
3177 1797 3294 1877 uel
3345 1797 3494 1878 alio
3540 1799 3778 1879 modo
3832 1820 4131 1917 propter
4176 1803 4377 1906 quod

1195 1957 1318 2038 uel
1383 1985 1474 2036 ex
1523 1958 1791 2060 ‚uigore
1852 1954 2156 2034 alicuius
2207 1980 2522 2059 persone
2597 1956 2952 2034 habentes
3023 1953 3259 2035 boues
3315 1982 3443 2034 seu
3510 1982 3650 2060 que
3718 1957 3794 2035 in
3861 1955 4187 2047 futurum
4255 1960 4375 2040 ha-

1199 2115 1488 2193 buerint
1533 2113 1608 2192 in
1662 2111 1924 2191 bennis
1978 2108 2514 2214 compellantur
2569 2109 2690 2189 uel
2746 2111 2921 2214 cogi
2972 2111 3264 2215 possint
3300 2124 3533 2191 tacere
3566 2112 3884 2217 ,aliquod
3931 2115 4211 2194 iornale
4256 2118 4377 2197 uel

1195 2287 1560 2348 carretum
1617 2295 1747 2348 seu
1803 2267 2249 2347 laborerium
2314 2294 2485 2347 cum
2549 2268 2766 2347 dictis
2829 2266 3069 2347 bobus
3112 2268 3155 2307 ³⁶
3200 2268 3414 2347 alicui
3468 2296 3785 2373 persone
3849 2272 4374 2379 cuiuscumque

1197 2423 1655 2505 conditionis
1710 2425 1972 2505 existat
2029 2426 2170 2504 nisi
2226 2424 2543 2504 domino
2600 2425 2952 2529 episcopo
2988 2425 3031 2463 ὓ
3068 2423 3202 2531 (4)
3257 2424 3506 2529 aliquo
3570 2426 3809 2507 modo
3862 2427 3983 2506 uel
4040 2430 4373 2533 ingenio,

1197 2602 1274 2663 et
1328 2583 1387 2662 si
1446 2582 1635 2661 forte
1694 2581 1966 2660 factum
2023 2579 2236 2660 fuerit
2308 2579 2907 2660 ordinamentum
2967 2579 3085 2660 uel
3151 2582 3549 2686 capitulum
3607 2584 3684 2662 in
3740 2587 4190 2665 contrarium
4248 2613 4375 2667 seu

1195 2740 1702 2846 preconizatio
1758 2738 1876 2817 uel
1934 2738 2260 2817 bannum
2316 2736 2549 2817 ullum
2604 2739 2933 2842 positum
3000 2758 3254 2818 contra
3317 2739 3639 2819 formam
3702 2740 3878 2820 dicti
3934 2742 4229 2847 capituli
4285 2746 4377 2824 sit

1198 2898 1822 3001 quociescumque
1861 2893 2392 2974 contrafactum
2430 2894 2644 2973 fuerit
2683 2896 2846 2998 ipso
2883 2895 3037 2974 iure
3074 2894 3346 2975 nullius
3382 2896 3677 2976 ualoriS.
3717 2898 3810 2977 Et
3848 2898 4377 2980 nichilominus

1200 3054 1261 3132 si
1315 3051 1558 3156 aliqua
1614 3077 1928 3156 persona
1983 3068 2369 3154 arengaret
2422 3050 2540 3129 uel
2599 3049 3017 3130 consuleret
3091 3078 3220 3130 seu
3275 3050 3481 3131 aliter
3547 3052 3884 3133 suaderet
3955 3054 4157 3159 quod
4222 3084 4377 3160 pre-

1199 3227 1561 3290 starentur
1616 3207 1850 3288 boues
1904 3207 2209 3312 predicti
2264 3214 2385 3287 uel
2441 3206 2645 3312 quod
2700 3207 2908 3286 fieret
2963 3206 3261 3310 aliquod
3319 3209 3597 3288 iornale
3651 3209 3773 3290 uel
3828 3237 4205 3292 carrezum
4244 3240 4371 3293 seu

1197 3363 1641 3444 laborerium
1701 3382 1956 3444 contra
2017 3362 2341 3467 predicta
2396 3362 2515 3441 uel
2572 3361 2871 3467 aliquod
2944 3362 3443 3468 predictorum
3516 3393 3785 3470 penam
3850 3368 4264 3449 solidorum
4320 3398 4371 3451 x

1193 3522 1510 3600 incurrat
1565 3522 1859 3625 quoties
1923 3520 2430 3600 contrafecerit
2492 3519 2694 3624 quod
2744 3519 3069 3599 bannum
3126 3519 3415 3600 soluere
3469 3540 3801 3603 teneatur
3856 3525 4368 3607 incontinenti.

1193 3677 1368 3757 inde
1425 3676 1628 3782 quod
1686 3703 1841 3756 non
1898 3678 2131 3780 possit
2185 3676 2342 3756 fieri
2397 3675 2545 3755 ulla
2599 3676 2967 3757 deffensio
3004 3677 3126 3756 uel
3161 3680 3311 3781 peti
3367 3677 3512 3758 ulla
3568 3681 3908 3785 cognitio
3939 3701 4012 3761 et
4049 3683 4371 3788 quelibet

1186 3860 1505 3939 persona
1557 3834 1796 3938 possit
1849 3831 2020 3912 inde
2079 3859 2416 3912 accusare
2474 3851 2546 3913 et
2604 3834 2671 3912 ei
2727 3833 3058 3913 credatur
3113 3834 3529 3915 iuramento
3569 3855 3641 3916 et
3677 3855 4011 3917 teneatur
4063 3841 4365 3944 priuata.

1187 4010 1264 4071 et
1319 3991 1583 4071 habeat
1638 3991 1929 4070 tertiam
1980 4008 2265 4094 partem
2317 3988 2538 4069 banni
2606 3992 2930 4094 exceptis
2983 3992 3296 4095 propriis
3360 3991 3736 4097 laborerijs
3791 3996 4134 4076 comunis
4196 3998 4367 4077 ben-

1184 4175 1472 4228 narum.
1532 4166 1604 4226 et
1660 4147 1868 4227 saluo
1925 4145 2245 4250 capitulo
2299 4146 2494 4225 facto
2548 4147 2625 4225 in
2683 4146 3091 4227 subsidium
3150 4149 3622 4228 mutantium.

1163 4479 1388 4646 DE
1440 4558 1921 4642 TERMINO
1974 4560 2086 4640 IN
2140 4559 2444 4657 QUEM
2504 4558 3288 4644 PROCEDENDUM
3340 4558 3477 4641 ET
3529 4547 4095 4644 PETENDUM
4146 4560 4335 4643 EST

1199 4744 1208 4751 ·
1477 4716 1750 4799 POST
1809 4715 2503 4799 SAXIMENTUM
2564 4716 3020 4801 FACTUM.

1292 4933 1654 5138 Quam
1711 5055 2063 5116 statutum
2114 5056 2224 5117 est
2275 5036 2476 5141 quod
2527 5038 2587 5116 si
2634 5036 2848 5116 alicui
2903 5064 3216 5141 persone
3273 5037 3679 5119 habitatrici
3736 5042 4140 5123 bennarum
4204 5072 4358 5149 pre-

1174 5216 1474 5301 ceptum
1529 5193 1743 5274 fuerit
1800 5220 1889 5273 ex
1945 5211 2147 5297 parte
2202 5191 2323 5273 uel
2377 5192 2734 5273 mandato
2795 5194 3185 5297 potestatis
3238 5194 3358 5273 uel
3412 5196 3573 5275 eius
3635 5195 4211 5280 locumtenentis
4264 5200 4354 5280 ad

1172 5353 1602 5434 instantiam
1657 5350 1962 5432 alicuius
2015 5377 2329 5456 persone
2385 5350 2586 5456 quod
2628 5349 2914 5430 saluum
2971 5349 3181 5430 faciat
3218 5351 3336 5430 uel
3375 5371 3621 5433 teneat
3673 5380 3903 5459 penes
3941 5381 4019 5435 se
4055 5354 4353 5461 aliquod

1171 5509 1455 5590 mobile
1513 5510 1853 5590 saxitum.
1896 5508 2018 5588 illa
2055 5534 2370 5613 persona
2407 5507 2499 5587 ad
2538 5508 2746 5588 cuius
2800 5509 3224 5588 instantiam
3283 5508 3562 5588 dictum
3617 5530 4044 5615 preceptum
4080 5513 4353 5592 factum
