5117 6834
698 735 844 813 229

691 2103 845 2181 230

683 3520 828 3599 231

1075 653 1311 819 DE
1352 729 1846 815 PERsoms
1897 720 3094 813 mTERRoGAnsmmRE
3146 725 3294 809 AD
3347 722 4011 809 INSTANUAM
4049 658 4272 848 1²5ssss

1207 1106 1561 1313 fflTEM
1617 1220 1975 1282 statutum
2032 1220 2142 1281 est
2198 1199 2402 1306 quod
2461 1201 2522 1280 si
2578 1227 2721 1304 qua
2802 1224 3117 1303 persona
3201 1198 3653 1301 interrogata
3709 1193 3922 1275 fuerit
3985 1195 4062 1273 in
4118 1195 4273 1273 iure

1087 1362 1178 1441 ad
1236 1361 1665 1441 instantiam
1720 1358 2028 1440 alicuius
2083 1385 2397 1463 persone
2454 1358 2514 1439 si
2571 1355 2732 1437 uult
2788 1383 2948 1437 esse
3003 1352 3217 1436 heres
3271 1354 3599 1434 alicuius,
3659 1352 3780 1433 uel
3838 1353 3899 1431 si
3955 1370 4160 1460 tenet
4200 1371 4275 1431 et

1087 1520 1421 1625 possidet
1475 1518 1597 1599 uel
1652 1519 2075 1599 deffendere
2132 1517 2293 1597 uult
2346 1515 2697 1621 aliquam.
2726 1542 2886 1595 rem
2924 1512 3397 1594 immobilem
3435 1533 3770 1593 teneatur
3824 1511 4272 1617 respondere

1085 1679 1279 1759 dicte
1339 1679 1907 1781 interrogationi
1966 1677 2122 1757 sine
2180 1674 2562 1756 oblatione
2617 1672 2846 1754 libelli
2902 1672 3022 1754 uel
3077 1671 3377 1752 alterius
3429 1673 3837 1777 petitionis,

1080 2021 1238 2187 D
1243 2103 1305 2184 E
1356 2099 2311 2186 INTERLOCUTORIIS
2364 2097 2915 2181 APPOSITIS.

1208 2319 1557 2525 Qum
1614 2445 1973 2506 statutum
2030 2445 2143 2506 est
2197 2425 2400 2531 quod
2459 2427 2518 2506 si
2578 2453 2720 2530 que
2776 2452 3094 2531 persona
3132 2424 3565 2529 opposuerit
3601 2422 3999 2528 interloqui
4058 2449 4272 2527 super

1083 2583 1324 2690 aliqua
1379 2587 1772 2690 questione
1830 2604 2160 2690 potestas
2196 2603 2532 2665 teneatur
2569 2582 2805 2664 facere
2845 2582 3038 2664 solui
3076 2583 3568 2663 incontinenti
3625 2600 3699 2660 et
3753 2582 4039 2661 restitui
4084 2583 4271 2686 parti

1081 2743 1453 2823 obtinenti
1508 2770 1875 2848 expensas
1931 2770 2112 2848 quas
2168 2744 2417 2823 fecerit
2474 2743 2871 2822 occasione
2929 2742 3159 2847 ipsius
3213 2742 3650 2845 questionis,
3709 2741 3800 2820 Et
3857 2741 4004 2821 hoc
4060 2741 4269 2845 intel-

1081 2901 1353 3005 ligatur
1392 2903 1452 2981 si
1489 2928 1657 3006 pars
1692 2900 1998 2997 aduersa
2035 2901 2349 3005 petierit.
2390 2901 2685 3005 petierit
2722 2882 3702 3004 cognitionem'predictam-
3728 2878 4274 3002 fikii'e-'irp-Ensi's

1086 3058 1663 3139 subcumbentiS.

1079 3442 1304 3611 DE
1356 3522 1767 3608 CITATIS
1847 3521 2038 3607 PER
2108 3522 2580 3606 NUNCIOS
2661 3521 3157 3605 COMUNIS.
3213 3519 3994 3605 PERSONALITER
4061 3520 4261 3604 UEL

1392 3679 1585 3766 PER
1630 3681 2070 3766 -LITERAS
2123 3680 2791 3765 POTESTATIS.

1207 3899 1551 4103 Qum
1607 4022 1968 4084 statutum
2025 4023 2137 4085 est
2173 4004 2377 4109 quod
2435 4005 2497 4085 si
2551 4005 2795 4110 aliqua
2849 4031 3167 4110 persona
3223 4005 3441 4085 citata
3496 4004 3711 4084 fuerit
3745 4031 3874 4110 per
3911 4006 4268 4086 nuncium

1075 4164 1420 4242 comunis
1476 4162 1953 4242 baennarum.
2011 4181 2138 4241 aut
2190 4188 2319 4266 per
2374 4162 2623 4242 literas
2675 4164 3067 4267 potestatis
3102 4164 3347 4266 primo
3389 4162 3732 4276 secundo·
3777 4182 3850 4242 et
3903 4164 4150 4243 tertio.
4190 4165 4268 4243 in

1073 4318 1337 4400 diebus
1389 4320 1624 4400 tribus
1679 4319 1772 4400 ad
1827 4321 2258 4400 instantiam
2313 4319 2621 4401 alicuius
2703 4320 3003 4401 alterius
3082 4347 3400 4425 persone
3457 4320 3550 4401 de
3606 4320 3917 4401 baennis
3972 4312 4116 4426 que
4173 4324 4265 4402 ab

1074 4503 1160 4558 ea
1215 4495 1415 4582 petat
1469 4477 1743 4582 aliquid
1802 4497 1875 4557 et
1931 4506 2086 4558 non
2144 4480 2639 4583 comparuerit
2676 4478 2805 4558 sed
2846 4498 3253 4559 contumax
3295 4479 3617 4559 extiterit
3651 4479 3999 4584 predictis
4035 4480 4269 4560 tribus

1075 4635 1579 4716 citationibus.
1637 4636 1988 4716 habeatur
2041 4664 2202 4741 prO.
2263 4634 2625 4717 confessa.
2684 4638 2777 4716 de
2834 4665 2910 4718 re
2965 4638 3215 4742 petita.
3276 4639 3485 4717 cuius
3539 4639 3933 4727 occasione
4001 4639 4266 4743 petitio

1073 4796 1264 4872 iacta
1318 4790 1555 4873 fuerit.
1616 4791 1737 4872 uel
1793 4793 2070 4874 citatio.
2130 4814 2202 4874 et
2257 4813 2590 4899 potestas
2626 4812 2960 4875 teneatur
2997 4815 3070 4874 et
3108 4794 3372 4875 debeat
3410 4794 3958 4899 condempnare
3988 4795 4266 4876 dictam

1071 4977 1471 5054 personam
1527 4969 2053 5032 contumacem
2109 4971 2491 5063 tamquam
2549 4971 2970 5057 presentem
3026 4973 3098 5033 et
3155 4955 3596 5034 confessam.
3656 4954 3732 5032 in
3787 4981 3865 5033 re
3911 4953 4259 5058 predicta.

1074 5109 1165 5188 Et
1254 5108 1604 5189 mandare
1696 5108 1973 5190 dictam
2064 5108 2829 5215 condempnationem
2921 5110 3369 5191 executioni.
3464 5109 4108 5215 quemadmodum
4202 5111 4263 5191 si

1073 5264 1619 5372 condempnata
1679 5286 1875 5348 esset
1927 5294 2232 5373 presens
2288 5286 2362 5348 et
2417 5268 2779 5350 confessa.
2863 5269 3108 5375 primo
3166 5287 3240 5349 et
3299 5269 3651 5350 secundo.
3713 5287 3788 5349 et
3841 5266 4076 5349 facere
4133 5268 4266 5348 liu-

1071 5424 1211 5504 rari
1268 5444 1342 5504 et
1398 5424 1553 5505 dari
1608 5425 2021 5507 insolutum
2076 5426 2424 5507 creditori
2504 5427 2786 5532 petenti
2866 5427 2961 5508 de
3037 5429 3257 5508 bonis
3311 5427 3488 5509 dicti
3546 5427 4033 5508 contumacis.
4092 5426 4265 5508 licet

1071 5583 1166 5664 sit
1221 5583 1512 5664 absenS.
1575 5585 1637 5664 si
1689 5612 1833 5690 qua
1888 5586 2088 5666 bona
2145 5586 2486 5692 expedita
2568 5586 3078 5693 reperirentur.
3163 5614 3308 5692 que
3362 5586 3721 5681 vliurentur
3775 5586 3981 5667 dicto
4037 5586 4266 5667 credi·
4305 5638 4310 5643 -
