5117 6834
744 763 896 861 248

744 2309 894 2386 249

1124 683 1531 890 QI-JOD
1586 766 1901 848 FILIUS
1957 767 2430 848 FAMILIAS
2485 767 2725 848 NON
2762 767 3123 848 POSSIT
3158 768 3273 849 SE
3321 768 3842 850 OBLIGARE
3899 770 4101 851 NEC
4158 770 4304 849 IM·

1439 924 2038 1052 PiGNORARE
2096 925 2579 1022 ALIQUOD
2637 926 3006 1006 PIGNUS
3064 927 3172 1008 IN
3227 927 3738 1008 TABERNA.

1268 1217 1328 1325 ξρ
1360 1267 1423 1328 ξ
1460 1258 1617 1311 TEM
1656 1251 2015 1312 statutum
2054 1251 2165 1312 est
2215 1233 2420 1338 quod
2459 1230 2591 1312 filii
2649 1230 2963 1312 familias
3018 1251 3092 1312 et
3147 1233 3542 1336 masnengi
3598 1235 3946 1313 omnium
3985 1261 4331 1339 persona-

1135 1418 1302 1469 rum
1359 1389 1451 1469 de
1492 1390 1799 1470 baennis
1837 1418 1992 1470 non
2031 1391 2321 1495 possint
2359 1390 2693 1495 obligare
2732 1369 2971 1495 aliqua
3008 1391 3324 1495 pignora
3361 1410 3653 1507 patrum
3711 1409 3785 1470 et
3841 1392 4327 1472 dominorum

1140 1576 1449 1628 suorum
1504 1550 1583 1628 in
1637 1548 1878 1654 aliqua
1933 1548 2233 1628 taberna
2289 1577 2427 1629 nec
2482 1548 2575 1628 ad
2633 1548 2957 1654 aliquem
3014 1548 3313 1628 ludum(
3339 1567 3413 1629 et
3450 1550 3510 1629 si
3567 1548 4065 1654 obligauerint
4122 1548 4327 1654 quod

1136 1727 1341 1811 pater
1397 1727 1471 1786 et
1526 1706 1881 1787 dominus
1933 1708 2226 1812 possint
2284 1708 2480 1786 dicta
2516 1710 2837 1812 pignora
2871 1706 3138 1788 habere
3196 1725 3270 1787 et
3325 1734 3748 1812 recuperare
3789 1709 3947 1788 sine
3988 1735 4082 1788 eo
4121 1709 4326 1814 quod

1139 1864 1318 1944 dent
1373 1864 1649 1971 aliquid
1706 1865 1851 1945 illis
1907 1867 2172 1970 quibus
2227 1866 2423 1945 dicta
2477 1867 2795 1970 pignora
2851 1864 3373 1969 obligauerint.

1124 2210 1348 2375 DE
1404 2292 1933 2371 CAPITULIS
1988 2293 2731 2373 EXEMPLANDIS.
2815 2285 2952 2393 (2)
3061 2361 3066 2366 .

1253 2509 1612 2710 Qum
1669 2620 2027 2682 statutum
2106 2619 2216 2680 est
2274 2600 2478 2706 quod
2535 2618 2871 2704 potestas
2926 2620 2999 2680 et
3056 2600 3319 2681 sindici
3384 2600 3839 2682 baennarum
3935 2621 4328 2682 teneantur

1137 2760 1541 2866 exemplari
1598 2760 1832 2839 facere
1908 2758 2221 2863 capitula
2307 2760 2564 2838 omnia
2648 2761 3100 2838 baennarum
3160 2760 3232 2838 in
3290 2786 3444 2838 uno
3501 2759 3889 2839 uolumine
3948 2787 4078 2839 seu
4134 2759 4325 2840 libro

1134 2920 1388 3025 papiri.
1449 2938 1523 2999 et
1577 2917 1811 2998 facere
1872 2937 2123 2998 tenere
2180 2919 2462 2997 dictum
2521 2917 2791 2997 librum
2847 2919 2924 2996 in
2978 2916 3287 2998 coffono
3343 2917 3478 3026 (3)
3534 2919 3879 2999 comunis
3945 2919 4319 2999 continue.

1137 3078 1232 3158 Et
1287 3079 1348 3157 si
1403 3077 1836 3182 reperiretur
1892 3075 2050 3156 ullo
2105 3095 2445 3180 tempore
2503 3076 2806 3180 aliquod
2889 3075 3291 3181 capitulum
3376 3077 3729 3180 scripturn
3795 3077 3872 3156 in
3928 3076 4078 3157 alio
4134 3076 4324 3158 libro

1137 3234 1630 3341 capitulorum
1685 3262 1837 3341 quo
1894 3236 2119 3314 utitur
2175 3237 2394 3315 curia.
2456 3262 2617 3315 esse
2675 3235 2752 3313 in
2789 3235 3039 3338 aliquo
3094 3236 3455 3314 uariatum
3512 3234 3631 3314 uel
3690 3235 4071 3315 continere
4128 3235 4325 3315 aliud

1138 3394 1302 3500 plus
1357 3394 1475 3475 uel
1533 3397 1782 3473 minus
1836 3422 2061 3499 quam
2118 3396 2583 3474 contineatur
2640 3395 2715 3473 in
2772 3394 2976 3473 dicto
3033 3393 3356 3498 capitulo
3412 3395 3661 3498 posito
3709 3394 3785 3473 in
3825 3392 4162 3473 coffon0.
4204 3395 4326 3474 de-

1137 3552 1310 3632 beat
1364 3553 1692 3633 adhiberi
1748 3551 1937 3632 fides
1990 3553 2195 3633 dicto
2252 3551 2576 3656 capitulo
2614 3552 2865 3657 posito
2922 3552 2999 3628 in
3053 3549 3364 3631 coffono
3422 3570 3495 3631 et
3551 3551 3741 3631 libro
3781 3570 3854 3631 et
3893 3578 4050 3631 non
4089 3551 4321 3630 alteri.
