5117 6834
353 732 454 812 81

355 2289 457 2367 82

2130 338 2439 442 XVII

718 655 945 821 DE
996 735 1433 820 EMENDA
1479 735 2014 835 EQUORUM
2065 731 2727 821 PoTEsTATls.
2818 715 2829 750 ‘

844 978 1035 1181 ἒξ
1050 1118 1207 1173 TEM
1261 1110 1618 1174 statutum
1673 1112 1784 1174 est
1838 1092 2041 1198 quod
2094 1109 2425 1198 potestas
2477 1120 2636 1174 non
2686 1094 2924 1200 possit
2977 1121 3114 1174 nec
3168 1094 3431 1178 debeat
3481 1113 3730 1200 petere
3766 1121 3902 1175 nec
4018 1189 4025 1193 ,

730 1248 999 1330 habere
1053 1248 1376 1354 aliquam
1431 1249 1827 1330 emendam
1884 1275 2247 1355 equorum
2283 1250 2426 1330 nisi
2462 1249 2705 1330 forent
2759 1251 3035 1331 mortui
3087 1277 3224 1356 pro
3279 1250 3585 1332 comuni
3619 1249 3713 1331 ad
3748 1277 3903 1356 pre-

731 1403 918 1485 lium
973 1430 1148 1485 cum
1202 1404 1482 1511 gladio.
1538 1431 1675 1485 nec
1731 1405 2007 1486 dictam
2071 1406 2468 1487 emendam
2539 1406 2859 1512 recipere
2914 1434 2956 1486 a
3011 1406 3213 1489 dicto
3268 1408 3574 1489 comuni
3639 1408 3899 1514 possit.

726 1587 1115 1668 quousque
1170 1562 1567 1643 existimati
1621 1561 1888 1643 fuerint
1921 1589 2052 1669 per
2085 1561 2435 1645 homines
2490 1567 2896 1645 bennarum
2933 1565 3076 1647 nisi
3114 1591 3247 1646 eos
3290 1582 3574 1647 teneret
3607 1590 3744 1671 pro
3782 1593 3901 1648 co·

727 1720 941 1800 muni
995 1738 1070 1801 et
1124 1719 1438 1801 seruicio
1494 1721 1860 1802 comunis.
1920 1737 1993 1800 et
2045 1721 2194 1802 hoc
2249 1721 2311 1801 si
2366 1738 2614 1803 essent
2667 1722 2945 1802 mortui
2999 1721 3253 1826 gladio
3310 1741 3384 1802 et
3422 1722 3496 1803 in
3549 1722 3785 1827 prelio
3821 1741 3902 1802 ut

729 1874 1015 1957 dictum
1071 1895 1206 1958 est.

708 2241 933 2407 DE
985 2321 1434 2405 MULIERE
1485 2322 1561 2402 A
1612 2320 1951 2404 PATRE
2000 2320 2474 2403 DOTATA.

836 2564 1024 2767 Q
1045 2683 1205 2740 TEM
1261 2675 1617 2740 statutum
1655 2675 1767 2739 est
1804 2656 2008 2763 quod
2062 2656 2328 2737 mulier
2363 2684 2506 2763 que
2543 2657 2797 2737 dotata
2834 2658 2955 2741 uel
2992 2658 3326 2738 maritata
3379 2659 3594 2739 tuerit
3630 2687 3672 2740 a
3697 2678 3900 2765 patre

725 2816 847 2897 uel
901 2843 945 2896 a
998 2834 1233 2897 matre
1287 2814 1408 2895 uel
1462 2841 1505 2893 a
1559 2812 1918 2895 statribus.
1976 2832 2050 2895 et
2103 2812 2437 2912 habuerit
2489 2813 2752 2923 dotem
2808 2814 2869 2894 si
2923 2814 3218 2896 habebit
3272 2814 3526 2895 tratres
3576 2815 3698 2896 uel
3751 2842 3901 2896 ma-

726 2973 975 3055 sculos
1027 2974 1120 3053 ab
1159 2972 1266 3053 eis
1319 2969 1877 3053 descendentes,
1934 2997 2092 3076 non
2142 2971 2381 3077 possit
2434 2996 2571 3051 nec
2625 2969 2890 3051 debeat
2941 2989 3189 3077 petere
3241 2989 3527 3078 partem
3580 2970 3899 3078 aliquam

725 3131 803 3212 in
857 3148 1159 3236 paterna
1214 3128 1337 3210 uel
1407 3145 1738 3209 materna
1808 3126 2238 3209 hereditate.
2296 3154 2432 3209 nec
2488 3127 2714 3208 etiam
2785 3145 3115 3233 potestas
3173 3129 3411 3234 possit
3462 3128 3585 3210 uel
3638 3128 3901 3210 debeat

726 3314 895 3369 eam
949 3287 1071 3367 uel
1126 3312 1250 3367 eas
1304 3285 1382 3365 in
1437 3284 1714 3366 iudicio
1787 3283 1960 3365 inde
2034 3284 2284 3366 audire
2349 3311 2485 3365 nec
2544 3286 2770 3365 etiarn
2842 3285 3212 3368 rationem
3267 3285 3336 3366 ei
3391 3285 3513 3366 uel
3568 3286 3675 3368 eis
3729 3287 3900 3367 inde

722 3443 984 3526 facere.
1044 3462 1118 3525 et
1170 3444 1318 3524 hoc
1372 3468 1530 3523 non
1583 3443 1821 3547 possit
1873 3443 2245 3523 remoueri
2317 3442 2679 3522 conscilio
2732 3440 2855 3522 uel
2907 3441 3057 3523 alio
3111 3443 3371 3524 modo,
3429 3443 3507 3525 Si
3560 3470 3742 3525 uero
3795 3471 3901 3525 re-

722 3600 1078 3683 manserit
1132 3618 1304 3705 post
1367 3618 1691 3680 mortem
1752 3598 1979 3704 patris
2041 3597 2163 3678 uel
2225 3599 2481 3678 matris
2542 3596 2785 3704 aliqua
2848 3598 3090 3704 neptis
3149 3598 3274 3679 uel
3324 3598 3476 3680 filia
3529 3601 3608 3680 in
3661 3599 3899 3682 domo

721 3783 866 3865 que
921 3784 1080 3838 non
1135 3773 1329 3837 esset
1380 3774 1607 3862 nupta
1679 3754 1943 3836 debeat
2006 3755 2328 3836 maritari
2382 3774 2455 3836 et
2510 3754 2750 3836 dotari
2804 3781 2846 3833 a
2899 3754 3235 3838 statribus
3293 3774 3419 3837 aut
3471 3758 3564 3836 ab
3619 3756 3726 3837 eis
3778 3755 3900 3837 de·

724 3914 1249 3996 scendentibus
1303 3913 1711 3995 secundum
1767 3911 2147 3994 facultates
2198 3910 2626 3993 hereditatis
2677 3929 2977 4016 paterne
3033 3930 3106 3993 et
3160 3930 3514 3994 materne.
3555 3938 3650 3992 eo
3688 3912 3897 3994 saluo

727 4070 932 4178 quod
970 4072 1033 4153 si
1069 4072 1422 4151 haberent
1475 4069 1674 4151 filios
1710 4070 1831 4150 uel
1876 4068 2065 4150 filias
2112 4096 2204 4149 ex
2249 4068 2559 4149 diuersis
2612 4068 2967 4150 uxoribus
3010 4067 3212 4174 quod
3258 4068 3581 4175 quelibet
3634 4069 3897 4150 debeat

725 4227 1116 4309 succedere
1172 4228 1388 4307 matri
1428 4253 1580 4308 sue.
1630 4244 1704 4307 et
1740 4226 1943 4332 quod
1999 4226 2155 4332 ipse
2209 4225 2557 4306 mulieres
2608 4226 2899 4330 possint
2951 4242 3200 4331 petere
3237 4243 3311 4306 et
3345 4226 3612 4307 habere
3649 4243 3897 4306 totum

721 4383 798 4464 id
847 4383 1050 4491 quod
1106 4383 1445 4465 relictum
1491 4400 1686 4465 esset
1731 4383 1838 4463 eis
1881 4409 1924 4463 a
1965 4401 2169 4489 patre
2207 4400 2440 4462 matre
2477 4399 2553 4462 et
2589 4381 2925 4462 tratribus
2958 4400 3295 4487 ternpore
3331 4382 3598 4462 mortis
3635 4408 3893 4462 eorum

720 4540 843 4621 uel
896 4559 1092 4622 ante.
1149 4566 1285 4620 nec
1341 4541 1566 4620 etiam
1629 4537 1824 4619 dicta
1878 4537 2144 4619 mulier
2204 4555 2604 4644 postquam
2666 4538 3000 4619 maritata
3069 4536 3282 4618 luerit
3335 4555 3418 4618 ut
3473 4564 3685 4644 supra
3739 4565 3893 4620 non

719 4697 957 4802 possit
991 4712 1240 4802 petere
1294 4694 1569 4802 aliquid
1606 4696 1685 4776 in
1720 4694 2124 4776 hereditate
2178 4693 2490 4776 staterna
2545 4693 2967 4775 dummodo
3003 4693 3080 4775 in
3117 4694 3313 4775 dicta
3366 4693 3603 4777 domo
3650 4713 3895 4777 essent

723 4852 945 4958 aliqui
1001 4851 1310 4933 masculi
1363 4853 1517 4933 nati
1571 4877 1665 4932 ex
1719 4853 1918 4957 ipsis.
