5117 6834
762 2627 911 2732 dei
971 2651 1072 2733 et
1128 2629 1419 2733 totius
1493 2625 1852 2733 celestis
1926 2630 2178 2732 curie
2258 2652 2348 2733 et
2426 2628 2796 2733 domini
2877 2627 3244 2732 domini
3319 2628 3728 2765 episcopi
3797 2642 3932 2750 (1)

763 2817 1335 2957 infrascripta
1426 2817 1822 2958 capitula
1897 2845 1987 2925 et
2061 2842 2398 2926 statuta
2469 2819 2705 2924 facta
2776 2819 3156 2924 fuerunt
3229 2855 3394 2958 per
3470 2820 3928 2958 sapientes

763 3008 1346 3116 baennarum
1436 3011 1553 3115 ad
1655 3011 1842 3117 hoc
1938 3010 2289 3118 eleetos
2362 3048 2526 3151 per
2618 3012 3178 3117 conscilium
3268 3011 3485 3115 dicti
3558 3009 3743 3116 loci
3836 3031 3927 3115 et

765 3200 1328 3307 confirmata
1401 3226 1491 3306 et
1565 3203 2072 3342 approbata
2146 3239 2311 3342 per
2385 3202 2815 3342 generale
2869 3202 3425 3309 conscilium
3504 3203 3930 3308 eiusdem

764 3391 975 3499 loci.
3156 3382 3164 3395 ⁸

779 3889 1001 4054 DE
1057 3969 1683 4051 IURAMENTo
1740 3968 2159 4048 oFF1C10
2215 3968 2350 4047 ET
2405 3965 2899 4049 REGIMINE
2954 3963 3612 4046 POTEsTATls
3641 3935 3774 4041 (2)

907 4224 1008 4359 {i
1097 4293 1292 4349 R1M0
1331 4286 1687 4348 statutum
1728 4288 1838 4348 est
1875 4268 2077 4372 quod
2114 4286 2443 4372 potestas
2481 4267 2930 4348 baennarum
2968 4270 3154 4349 iuret
3191 4269 3267 4349 in
3304 4268 3528 4373 pleno
3575 4265 3933 4347 conscilio

767 4422 940 4503 dicti
998 4423 1144 4503 loci
1198 4424 1290 4504 ad
1348 4444 1595 4504 sancta
1632 4426 1751 4505 dei
1790 4424 2174 4530 euangelia
2214 4424 2490 4505 saluare
2527 4424 2947 4505 deffendere
3004 4445 3076 4505 et
3132 4425 3503 4505 custodire
3541 4451 3676 4505 suo
3712 4450 3933 4529 posse

768 4583 1021 4661 omnia
1069 4582 1223 4661 iura
1261 4601 1334 4662 et
1396 4583 1719 4663 rationes
1757 4602 1828 4662 et
1884 4602 2337 4688 augumenta
2373 4583 2661 4663 domini
2699 4585 2932 4663 nostri
2986 4583 3275 4663 domini
3322 4583 3646 4688 episcopi
3700 4601 3934 4662 asten-

769 4739 869 4819 sis
896 4738 1030 4845 (3)
1070 4759 1143 4849 et
1180 4740 1523 4820 ecclesias
1570 4739 2019 4820 baennarum
2050 4760 2122 4821 et
2160 4743 2313 4821 iura
2353 4769 2626 4821 earum.
2676 4740 3063 4846 hospitalia
3101 4742 3361 4821 uiduas
3398 4760 3472 4821 et
3518 4738 3815 4820 orfanos
3862 4759 3935 4819 et

766 4916 1275 5003 mentecaptos
1349 4916 1422 4977 et
1497 4899 1650 4977 iura
1726 4900 2070 4979 comunis
2143 4917 2215 4978 et
2287 4899 2461 4979 uille
2529 4899 3003 4979 baennarum.
3075 4919 3146 4979 et
3212 4901 3446 5005 ipsam
3519 4896 3772 4977 uillam
3862 4916 3935 4977 et

767 5053 1113 5134 homines
1167 5055 1244 5133 in
1299 5054 1492 5134 dicta
1546 5054 1719 5134 uilla
1774 5053 2221 5135 habitantes:
2283 5074 2354 5135 et
2430 5082 2646 5135 suum
2701 5058 3066 5161 regimem
3139 5082 3472 5136 exercere
3530 5053 3935 5135 secundum

766 5207 1088 5289 formam
1143 5228 1586 5291 statutorum
1644 5211 2130 5317 capitulorum
2188 5231 2261 5292 et
2317 5213 3006 5293 ordinamentorum
3064 5214 3405 5292 comunis
3461 5211 3930 5292 baennarum.

769 5386 841 5446 et
878 5366 1414 5449 defficientibus
1470 5369 1804 5474 capitulis
1860 5370 2148 5450 statutis
2203 5389 2277 5450 et
2323 5371 2859 5451 ordinamentis
2906 5371 3312 5451 secundum
3364 5370 3514 5449 iura
3572 5388 3644 5448 et
3701 5368 3935 5449 bonas

769 5529 1344 5609 consuetudines
1408 5529 1584 5609 dicti
1652 5529 1821 5609 loci.
1887 5548 1959 5608 et
2025 5529 2217 5634 ipsas
2280 5529 2855 5652 consuetudipes
2922 5528 3441 5609 inuiolabiliter
3519 5528 3931 5609 observare.
