5117 6834
827 726 924 802 29
1175 642 1399 807 DE
1451 723 2124 805 PATIENTIBUS
2181 720 2893 806 EGRITUDINEM
2946 722 3252 803 BEATI
3305 723 3697 806 LAZARI.

1298 945 1488 1148 ΞΕ
1518 1065 1675 1122 τΕΜ
1730 1060 2087 1123 statutum
2124 1039 2328 1146 quod
2375 1040 2701 1146 quelibet
2754 1066 3067 1145 persona
3120 1067 3264 1144 que
3320 1039 3536 1120 fuerit
3589 1039 3818 1120 electa
3858 1039 3979 1121 uel
4016 1039 4370 1121 condem·

1191 1217 1412 1304 pnata
1466 1218 1728 1302 egrota
1782 1199 1875 1279 de
1932 1199 2349 1303 egritudine
2406 1198 2601 1278 beati
2656 1198 2876 1277 lazari
2931 1198 3066 1304 (5)
3111 1224 3268 1278 non
3323 1197 3586 1278 debeat
3624 1217 3815 1279 stare
3860 1225 3996 1279 nec
4042 1198 4367 1284 habitare

1194 1359 1271 1435 in
1335 1356 1641 1437 baennis
1705 1382 1841 1436 nec
1896 1358 2163 1437 intrare
2219 1356 2494 1436 dictam
2548 1355 2805 1436 uillam
2869 1356 3027 1435 sine
3090 1354 3375 1460 capello
3431 1357 3508 1435 in
3572 1358 3830 1461 capite.
3897 1377 3970 1437 et
4034 1359 4192 1438 sine
4254 1379 4368 1440 ta-

1192 1512 1485 1594 rauellis
1540 1513 1673 1622 (6)
1729 1533 1801 1593 et
1857 1513 2319 1595 sutellaribus
2370 1513 2504 1621 (7)
2559 1514 2637 1593 in
2675 1512 3029 1618 pedibus,
3055 1532 3129 1593 et
3174 1514 3299 1618 qui
3335 1514 3843 1595 contrafecerit
3878 1515 4366 1596 incontinenti

1194 1669 1618 1775 frustigetur
1655 1697 1888 1776 usque
1934 1689 2136 1751 extra
2190 1670 2446 1751 uillam
2501 1690 2578 1750 et
2628 1688 2956 1775 potestas
3009 1689 3342 1750 teneatur
3377 1669 3612 1750 facere
3648 1673 4010 1777 cognosci
4058 1692 4368 1776 egrotos

1193 1828 1563 1933 predictos
1619 1830 1694 1908 in
1750 1828 1922 1909 uilla
1977 1828 2425 1909 baennarum
2484 1827 2664 1908 infra
2720 1855 3059 1908 mensem
3114 1854 3347 1908 unum
3402 1847 3799 1934 postquam
3855 1831 4219 1910 iurauerit.

829 2268 924 2344 30
1167 2192 1388 2357 DE
1441 2272 1952 2355 FORNACE.

1293 2486 1482 2689 Q
1517 2613 1675 2667 ”rr-:M
1727 2607 2059 2667 teneatur
2111 2606 2441 2692 potestas
2495 2586 2727 2667 facere
2782 2587 3013 2666 teneri
3053 2589 3129 2666 in
3166 2587 3353 2691 pede
3408 2586 3785 2666 fornacem
3839 2613 4071 2666 unum
4131 2608 4204 2666 et
4268 2587 4365 2665 fa-

1187 2772 1349 2824 cere
1406 2771 1639 2849 cupos
1691 2744 1848 2824 fieri
1908 2763 1980 2824 et
2035 2770 2358 2848 magnos
2413 2744 2820 2823 secundum
2877 2770 3094 2823 suum
3166 2769 3384 2847 posse
3469 2743 3887 2822 fornaxario
3939 2742 4062 2822 uel
4117 2743 4363 2823 forna-

1186 2902 1406 2981 xariis
1458 2902 1550 2981 ad
1608 2901 1889 2981 dictum
1945 2900 2344 2981 fornacem.
2404 2920 2477 2981 et
2532 2900 2734 3005 quod
2789 2920 3117 3006 potestas
3179 2927 3314 2980 nec
3371 2899 3808 2981 conscilium
3864 2901 3985 2979 uel
4040 2927 4362 2980 comune

1186 3085 1316 3138 seu
1372 3058 1614 3164 aliqua
1665 3086 1980 3164 persona
2036 3059 2129 3138 de
2186 3057 2489 3138 baennis
2525 3085 2680 3138 non
2716 3059 2951 3162 possit
2986 3078 3305 3163 prestare
3362 3058 3479 3138 uel
3517 3059 3688 3138 dare
3729 3084 3857 3137 seu
3913 3058 4360 3138 acomodare

1184 3216 1398 3296 alicui
1453 3243 1768 3321 persone
1826 3235 2166 3296 extranee
2223 3216 2315 3296 de
2373 3217 2717 3322 predictis
2771 3217 3064 3295 maonis
3118 3215 3239 3295 uel
3292 3218 3498 3320 cupis
3550 3216 3800 3320 aliquo
3848 3216 4108 3296 modo,
4169 3236 4242 3296 et
4300 3219 4359 3295 si

1184 3373 1446 3475 aliquis
1501 3374 1959 3453 fornaxarius
2013 3373 2332 3453 uoluerit
2387 3373 2766 3454 fornaxare
2806 3375 2881 3452 in
2918 3401 3200 3477 pasquo
3256 3374 3391 3478 (8)
3426 3373 3545 3453 uel
3583 3402 3623 3451 a
3663 3372 3836 3454 uilla
3875 3375 4207 3478 superius
4242 3402 4363 3454 co-

1186 3557 1412 3609 mune
1467 3549 1801 3609 teneatur
1840 3556 2085 3609 emere
2125 3531 2486 3609 iornatam
2524 3529 2660 3637 (9)
2696 3549 2906 3609 terre.
2956 3549 3028 3609 et
3066 3530 3267 3634 quod
3306 3529 3545 3635 aliqua
3581 3557 3894 3635 persona
3932 3558 4088 3611 non
4126 3534 4360 3636 possit

1185 3687 1560 3767 extrahere
1616 3714 1847 3792 cupos
1904 3686 2020 3766 uel
2079 3714 2398 3766 maonos
2435 3687 2526 3766 de
2564 3687 2712 3767 fine
2752 3687 3199 3767 baennarum
3255 3687 3503 3792 aliquo
3560 3689 3819 3769 modo,
3897 3709 3971 3769 et
4025 3692 4150 3794 qui
4188 3717 4361 3770 con-

1183 3844 1541 3924 trafecerit
1598 3844 1837 3923 soluat
1891 3871 2026 3948 pro
2085 3871 2272 3947 pena
2329 3841 2615 3923 solidos
2669 3869 2773 3922 xx
2830 3845 3048 3923 curie.
3116 3845 3207 3922 Et
3264 3844 3406 3923 hoc
3473 3871 3628 3924 non
3692 3848 3927 3949 possit
3991 3848 4357 3926 remoueri

1185 4001 1552 4080 conscilio·
1605 4000 1722 4080 uel
1779 3999 1927 4080 alio
1966 4001 2225 4080 modo,
2302 4000 2575 4080 eodem
2631 4001 2867 4080 modo
2923 4020 3254 4081 teneatur
3307 4021 3635 4105 potestas
3689 4003 3845 4084 fieri
3903 4023 3977 4083 et
4030 4024 4356 4083 manute-

1184 4159 1336 4236 neri
1394 4185 1626 4237 unum
1683 4158 1911 4237 alium
1967 4157 2341 4238 fornacem
2379 4187 2420 4237 a
2458 4157 2633 4237 uilla
2670 4157 2968 4238 inferius
3008 4160 3133 4238 ubi
3170 4159 3535 4240 uidebitur
3591 4159 4037 4266 sapientibus
4092 4161 4183 4241 ad
4214 4161 4359 4241 hoc

1185 4313 1438 4394 electis
1492 4334 1681 4419 quos
1734 4334 2066 4411 teneatur
2121 4315 2352 4395 facere
2410 4315 2589 4421 eligi
2644 4336 2717 4396 et
2772 4318 2920 4396 emi
2975 4334 3246 4397 terram
3291 4317 3383 4397 ad
3421 4318 3564 4398 hoc
3612 4320 4139 4399 neccessariam
4179 4317 4361 4398 infra

1185 4497 1525 4552 mensem
1579 4491 1974 4577 postquam
2032 4473 2373 4553 iurauerit
2421 4475 2756 4578 regimen
2815 4492 2886 4552 et
2942 4473 3174 4554 facere
3232 4473 3587 4579 compleri
3642 4475 3923 4556 dictum
3982 4475 4357 4556 fornacem

1187 4657 1418 4735 usque
1473 4630 1565 4710 ad
1623 4629 1956 4709 medium
2013 4629 2315 4734 aprilem
2371 4633 2821 4735 proximum.

821 5074 906 5149 3¹
1158 5015 1379 5180 DE
1435 5092 2583 5177 coNDEMPNAnoNIBUs
2637 5089 3191 5172 FAcrENmS.

1301 5375 1324 5432 ³³
1390 5333 1453 5498 ,ὲ
1499 5417 1654 5472 ΤΕΜ
1711 5410 2065 5471 statutum
2105 5413 2215 5472 est
2254 5393 2454 5496 quod
2493 5413 2821 5497 potestas
2858 5413 3190 5472 teneatur
3228 5393 3773 5497 condempnare
3814 5393 3932 5473 uel
3970 5393 4357 5474 absoluere

1178 5574 1308 5628 seu
1365 5546 1596 5628 facere
1663 5550 2376 5653 condempnationes
2445 5549 2564 5628 uel
2629 5550 3136 5630 absolutiones
3201 5551 3614 5630 bannorum
3680 5551 3772 5630 de
3830 5551 4188 5631 conscilio
4255 5553 4357 5629 iu-
