5117 6834
715 692 858 793 283

721 2791 876 2888 284

730 3943 873 4043 285

1097 613 1323 780 DE
1377 692 1715 778 CAPRA
1768 692 1905 772 ET
1958 691 2214 775 ALIIS
2265 691 2639 776 BESTIIS
2692 690 3175 772 INUENTIS
3227 689 3340 774 IN
3391 687 3787 774 ALIENIS
3841 686 4198 773 UINEIS.

1240 942 1395 1098 Jl³
1423 1026 1581 1081 TEM
1637 1017 1993 1079 statutum
2053 1017 2164 1078 est
2219 996 2420 1101 quod
2479 995 2803 1101 quelibet
2859 1024 3070 1101 capra
3108 1024 3250 1103 que
3288 998 3591 1078 inuenta
3645 996 3862 1078 fuerit
3916 999 3992 1079 in
4048 997 4286 1079 aliena

1106 1161 1325 1239 uinea
1380 1159 1596 1240 otino
1652 1156 1773 1237 uel
1828 1155 2159 1261 plantato
2244 1153 2485 1235 soluat
2566 1182 2702 1260 pro
2783 1156 3032 1236 banno
3114 1154 3459 1236 denarios
3510 1184 3586 1237 V1
3644 1174 3717 1237 et
3772 1156 4094 1238 totidem
4148 1185 4287 1263 pro

1108 1316 1426 1398 emenda
1480 1341 1700 1421 passo
1758 1314 2189 1419 dampnum.
2249 1332 2322 1394 et
2376 1312 2469 1393 de
2527 1339 2786 1394 mense
2841 1313 3070 1394 madii
3126 1333 3200 1394 et
3254 1312 3539 1419 aprilis.
3586 1314 3909 1395 solidum
3968 1341 3992 1395 1
4048 1333 4122 1395 et
4175 1334 4290 1395 to-

1107 1474 1343 1555 tidem
1397 1501 1535 1580 pro
1594 1473 1909 1553 emenda
1964 1500 2100 1577 pro
2155 1470 2478 1576 qualibet
2534 1499 2769 1577 capra.
2829 1492 2902 1551 et
2955 1500 3092 1577 pro
3156 1471 3483 1577 qualibet
3537 1472 3691 1568 alia,
3735 1472 3969 1554 bestia
4024 1499 4287 1578 grossa

1114 1633 1234 1715 uel
1292 1633 1584 1715 minuta
1636 1658 1779 1736 que
1837 1632 2136 1711 inuenta
2191 1630 2404 1712 fuerit
2460 1629 2552 1710 de
2609 1656 2868 1710 mense
2924 1629 3169 1735 aprilis
3215 1629 3336 1711 uel
3372 1630 3601 1712 madii
3640 1632 3716 1711 in
3752 1630 4013 1711 alienis
4049 1631 4290 1711 uineis

1113 1792 1384 1872 autinis
1436 1789 1559 1870 uel
1615 1788 1959 1896 plantatis
2016 1788 2257 1870 soluat
2313 1788 2668 1869 dominus
2721 1788 3120 1869 bestiarum
3156 1788 3466 1895 duplum
3504 1789 3733 1870 huius
3787 1789 3990 1896 quod
4049 1791 4122 1869 in
4180 1817 4290 1870 ca-

1039 2051 1044 2054 ·
1113 1947 1352 2056 pitulo
1406 1948 1741 2054 predicto
1797 1946 1993 2027 facto
2051 1966 2124 2028 et
2178 1947 2521 2051 dampnis
2603 1946 3045 2028 continetur.
3130 1965 3204 2027 et
3286 1946 3610 2052 quelibet
3680 1974 3998 2054 persona
4052 1950 4290 2053 possit

1110 2107 1287 2188 inde
1342 2132 1681 2187 accusare
1738 2124 1812 2185 et
1868 2106 1934 2184 ei
1991 2106 2407 2185 iuramento
2465 2103 2798 2185 credatur
2853 2122 2926 2184 et
2979 2103 3243 2187 habeat
3325 2106 3618 2185 tertiam
3698 2126 3983 2211 partem
4041 2107 4286 2185 banni.

1110 2265 1206 2346 Et
1261 2264 1353 2344 de
1409 2282 1631 2344 nocte
1688 2262 1882 2343 dicta
1938 2262 2256 2367 dampna
2314 2261 2798 2367 duplicentur.

1102 2712 1508 2923 QJOD
1591 2793 1944 2876 OMNIA
2008 2790 2353 2876 PRATA
2435 2790 2674 2875 SINT
2754 2788 3226 2874 BANNITA
3306 2788 3379 2871 A
3447 2786 3787 2871 MEmo
3870 2783 4282 2870 MARclo

1269 3057 1272 3060 ‚
1417 2950 1765 3079 usone
1815 2949 1962 3032 AD
2014 2948 2430 3056 MEDIUM
2484 2944 3128 3030 SEPTEMBRIS.
4200 2986 4209 2992 -

1249 3253 1308 3351 ’ξ
1343 3242 1404 3353 ζ
1439 3283 1596 3339 ΤΕΜ
1651 3276 2008 3338 statutum
2065 3278 2176 3339 est
2230 3257 2435 3364 quod
2491 3261 2748 3340 omnia
2802 3279 3005 3365 prata
3058 3260 3229 3341 finis
3283 3260 3734 3342 baennarum
3792 3261 3938 3342 sint
3976 3261 4296 3342 'bannita

1119 3444 1162 3496 a
1215 3414 1473 3496 medio
1527 3416 1807 3498 marcio
1862 3442 2094 3521 usque
2149 3416 2243 3496 ad
2299 3416 2634 3497 medium
2690 3444 3029 3498 mensem
3088 3419 3546 3522 septembris.

1107 3865 1511 4074 Qoo
1565 3947 1878 4032 FouA
1932 3946 2170 4030 NoN
2222 3921 2892 4029 comoATUR
2945 3943 3262 4028 sUPER
3314 3943 3749 4029 ALffiNAs
3814 3941 4283 4028 ARBORES

1419 4105 1624 4189 Nec
1678 4106 1788 4187 IN
1841 4103 2235 4187 ALIENIS
2289 4102 2645 4188 UINEIS.

1232 4321 1421 4522 Q
1441 4442 1598 4497 TEM
1654 4435 2010 4497 statutum
2068 4435 2179 4497 est
2235 4416 2437 4521 quod
2520 4416 2762 4521 aliqua
2839 4443 3155 4522 persona
3237 4444 3393 4498 non
3457 4420 3694 4523 possit
3749 4417 4105 4524 colligere
4162 4447 4298 4500 nec

1125 4600 1381 4679 capere
1437 4571 1652 4653 folias
1707 4599 1922 4678 super
1976 4572 2256 4678 aliquas
2291 4576 2592 4653 arbores
2628 4572 2925 4654 alienas.
2966 4601 3102 4655 nec
3160 4575 3384 4655 etiam
3441 4577 3518 4656 in
3572 4574 3831 4657 alienis
3883 4577 4125 4657 uineis
4178 4577 4296 4657 uel

1123 4732 1395 4813 autinis
1448 4730 1699 4837 aliquo
1757 4730 2016 4811 modo.
2078 4731 2211 4812 sub
2267 4758 2456 4836 pena
2493 4730 2911 4811 solidorum
2965 4760 3014 4810 v
3069 4760 3205 4837 pro
3262 4732 3585 4839 qualibet
3622 4761 3939 4839 persona
3994 4754 4069 4815 et
4122 4762 4293 4840 qua-

1126 4890 1304 4971 libet
1359 4893 1545 4971 uice.
1606 4908 1679 4969 et
1734 4889 2054 4970 totidem
2106 4916 2246 4995 pro
2302 4889 2619 4970 emenda
2671 4916 2894 4994 passo
2968 4890 3400 4995 dampnum.
3458 4892 3553 4972 Et
3606 4891 3931 4997 quelibet
3983 4920 4300 4998 persona

1117 5050 1357 5155 possit
1411 5049 1582 5130 inde
1637 5075 1997 5131 accusare.
2058 5067 2131 5129 et
2187 5049 2253 5128 ei
2309 5050 2729 5129 iuramento
2783 5048 3139 5130 credatur.
3199 5069 3273 5129 et
3326 5051 3591 5131 habeat
3664 5053 3956 5132 tertiam
4012 5071 4298 5157 partem

1123 5208 1375 5288 banni.
