5117 6834
783 787 876 865 75
1131 648 1357 816 DE
1410 728 1979 814 FORNARHS.

1257 963 1446 1165 ἕξ
1474 1096 1631 1151 ΤΕΜ
1660 1087 2017 1155 statutum
2047 1087 2160 1150 est
2188 1069 2390 1174 quod
2420 1067 2728 1173 quilibet
2764 1067 3126 1148 fornarius
3163 1066 3428 1147 debeat
3465 1066 3730 1146 ducere
3768 1065 4167 1170 furniglam
4206 1064 4340 1172 (6)

1155 1227 1248 1308 ad
1305 1227 1601 1307 furnum
1658 1224 1791 1307 sub
1847 1252 2036 1330 pena
2091 1225 2566 1307 denariorum
2611 1251 2690 1305 V1
2736 1224 3041 1329 quocies
3095 1221 3623 1304 contrafecerit.
3685 1240 3759 1301 et
3813 1221 4016 1328 quod
4080 1221 4343 1327 aliquis

1155 1383 1519 1466 fornarius
1574 1411 1730 1465 non
1784 1383 2021 1488 possit
2079 1409 2333 1488 capere
2371 1382 2466 1462 de
2519 1380 2807 1462 fornata
2861 1380 3051 1461 ultra
3101 1407 3330 1486 panes
3383 1407 3488 1461 ΧΠ
3526 1379 3619 1460 de
3665 1379 3973 1460 fornata.
4015 1398 4089 1459 et
4126 1406 4167 1458 a
4205 1377 4343 1459 for—

1151 1560 1326 1622 nata
1381 1541 1563 1622 infra
1617 1568 1848 1646 panes
1902 1540 2094 1621 duos
2130 1567 2267 1645 pro
2304 1539 2640 1645 quolibet
2675 1538 2931 1619 tabulo
2985 1557 3286 1618 tenente
3343 1539 3649 1619 sterium
3687 1537 3823 1644 (7)
3859 1564 4093 1617 unum
4133 1541 4341 1641 grani

1157 1697 1292 1779 sub
1348 1725 1537 1803 pena
1594 1697 2010 1778 solidorum
2065 1723 2117 1777 x
2172 1723 2308 1801 pro
2365 1696 2688 1800 qualibet
2755 1722 3071 1800 persona
3126 1714 3201 1775 et
3255 1694 3578 1798 qualibet
3649 1695 3834 1775 uice.
3893 1712 3968 1774 et
4021 1694 4344 1800 quelibet

1154 1881 1474 1961 persona
1528 1855 1767 1959 possit
1821 1854 1995 1935 inde
2050 1880 2386 1933 accusare
2435 1873 2509 1933 et
2543 1852 2881 1933 credatur
2934 1852 3381 1933 accusationi
3422 1879 3550 1932 sue
3607 1853 4048 1933 iuramento.
4090 1870 4163 1931 et
4200 1853 4344 1932 hoc

1157 2029 1494 2092 teneatur
1549 1974 1941 2091 obseruare
1997 2012 2415 2091 iuramento
2480 2029 2553 2090 et
2608 2010 2813 2115 quod
2868 2007 3115 2089 nullus
3176 2007 3537 2089 fornarius
3598 2027 3845 2113 portet
3896 2007 4018 2089 uel
4072 2010 4343 2114 portari

1159 2168 1375 2249 faciat
1431 2168 1671 2272 aliqua
1743 2168 1949 2272 ligna
2004 2195 2045 2247 a
2101 2166 2318 2247 furno
2392 2168 2524 2248 sub
2580 2194 2771 2272 pena
2845 2166 3258 2248 solidorum
3312 2194 3389 2247 111
3441 2193 3579 2271 pro
3642 2165 3966 2270 qualibet
4028 2168 4213 2246 uice.
4274 2186 4347 2246 et

1159 2325 1486 2431 quelibet
1539 2352 1855 2431 persona
1911 2327 2147 2431 possit
2202 2351 2539 2405 accusare
2615 2323 3223 2405 contrafacientes
3279 2343 3352 2403 et
3409 2326 3476 2404 ei
3533 2325 3950 2405 iuramento
4016 2323 4346 2404 credatur

1160 2503 1236 2564 et
1273 2501 1608 2562 teneatur
1663 2483 1965 2587 priuata.
2007 2501 2081 2561 et
2119 2480 2383 2562 habeat
2438 2482 2732 2561 tertiam
2786 2499 3071 2586 partem
3127 2480 3373 2560 banni.
3415 2500 3488 2560 et
3518 2499 3848 2585 potestas
3900 2482 4137 2584 possit
4173 2481 4345 2561 inde

1159 2641 1525 2746 inquirere
1596 2658 1669 2719 et
1732 2658 2087 2719 teneatur.
2147 2657 2222 2719 et
2276 2639 2622 2719 eamdem
2676 2665 2945 2744 penam
3003 2639 3407 2719 substineat
3463 2607 3787 2743 quelibet
3841 2647 4157 2744 persona
4204 2666 4345 2743 que

1159 2797 1367 2878 daret
1441 2796 1628 2876 ultra
1695 2798 2184 2901 quantitatem
2244 2823 2383 2901 pro
2448 2796 2652 2877 dicto
2716 2795 3103 2876 fornatico.
3176 2796 3269 2875 Et
3333 2796 3535 2901 quod
3608 2795 3917 2901 quilibet
3990 2796 4351 2876 fornarius

1162 2955 1616 3034 baennarum
1689 2971 2024 3032 teneatur
2089 2971 2336 3032 totum
2402 2979 2673 3058 panem
2739 2953 2864 3057 qui
2937 2953 3288 3033 cochetur
3360 2954 3436 3031 in
3502 2951 3718 3033 fiarno
3774 2953 4004 3058 ipsius
4066 2952 4350 3033 duabus

1161 3110 1448 3190 uicibus
1505 3137 1890 3191 numerare
1947 3111 2104 3190 siue
2160 3128 2450 3189 erutum
2507 3129 2580 3190 et
2636 3127 2959 3190 coctum.
3020 3129 3093 3189 et
3147 3109 3239 3189 ad
3295 3108 3589 3190 furnum
3644 3130 3982 3214 presente
4039 3110 4346 3190 domina

1163 3266 1285 3346 uel
1341 3267 1661 3347 domino
1714 3268 1926 3372 panis
1981 3285 2054 3347 et
2109 3268 2491 3347 restituere
2545 3286 2837 3346 tantum
2892 3293 3162 3371 panem
3218 3285 3516 3347 coctum
3572 3285 3890 3371 quantus
3942 3266 4156 3347 fuerit
4197 3295 4350 3346 cru·

1160 3425 1324 3506 dus.
1383 3446 1696 3529 excepto
1753 3444 1827 3505 et
1880 3424 2213 3505 detracto
2266 3450 2457 3530 pane
2512 3423 2874 3504 fornatici.
2933 3443 3006 3503 et
3059 3424 3440 3505 restituere
3495 3451 3765 3529 panem
3828 3425 4199 3530 perditum
4254 3386 4345 3505 ad

1163 3581 1458 3662 furnum
1513 3583 2008 3664 incontinenti
2048 3601 2120 3662 et
2175 3600 2573 3687 antequam
2628 3581 2814 3661 alius
2867 3583 3077 3685 panis
3132 3600 3390 3663 coctus
3445 3582 3872 3687 deportetur
3906 3610 3949 3662 a
3987 3581 4225 3663 furno.
4277 3601 4349 3661 et

1163 3739 1225 3819 si
1280 3740 1357 3818 in
1413 3740 1560 3819 hoc
1615 3738 1978 3819 fornarius
2041 3738 2551 3819 contrafecerit
2622 3719 2863 3818 soluat
2917 3765 3052 3842 pro
3116 3765 3305 3843 pena
3361 3738 3646 3819 solidos
3700 3765 3752 3817 v
3806 3740 4110 3844 quocies
4176 3766 4348 3820 con-

1162 3895 1525 3976 trafecerit
1581 3915 1838 3978 contra
1891 3896 2237 4000 predicta.
2281 3914 2354 3975 et
2391 3893 2924 3976 nichilominus
2977 3895 3332 3976 dominus
3385 3894 3505 3976 uel
3563 3896 3872 3976 domina
3925 3896 4101 3976 dicti
4138 3898 4349 4001 panis

1161 4071 1496 4133 teneatur
1563 4080 1947 4134 numerare
2014 4053 2304 4157 dictum,
2359 4080 2653 4158 panem.
2727 4072 2800 4132 et
2864 4051 3097 4134 facere
3162 4055 3297 4134 sibi
3372 4054 3655 4134 restitui
3727 4053 4010 4133 dictum
4077 4080 4345 4158 panem

1157 4210 1533 4314 perditum
1589 4210 1681 4290 ad
1737 4209 2031 4290 furnum
2086 4230 2170 4289 ut
2224 4209 2509 4290 dictum
2567 4229 2701 4290 est.
2757 4227 2831 4289 et
2885 4236 3223 4290 accusare
3277 4209 3682 4290 fornarium
3739 4211 3832 4291 de
3887 4211 4232 4315 predictis
4287 4214 4348 4292 si

1158 4367 1486 4472 predicta
1538 4365 1661 4446 uel
1716 4366 2018 4471 aliquod
2057 4366 2582 4472 predictorum
2646 4366 2881 4447 facere
2943 4368 3423 4448 recussauerit
3480 4366 3614 4447 sub
3681 4368 3943 4449 eadem
3998 4395 4209 4472 pena.
4272 4388 4345 4448 et

1158 4522 1484 4627 quelibet
1538 4550 1855 4627 persona
1919 4524 2156 4628 possit
2219 4550 2558 4604 accusare
2622 4551 2976 4628 personas
3030 4526 3638 4605 contrafacientes
3700 4544 3957 4606 contra
4024 4525 4347 4630 predicta

1159 4679 1280 4760 uel
1335 4678 1636 4784 aliquod
1690 4680 2217 4785 predictorum.
2277 4699 2350 4761 et
2405 4682 2474 4761 ei
2529 4682 2948 4763 iuramento
3003 4682 3358 4761 credatur.
3418 4702 3491 4762 et
3546 4683 3811 4763 habeat
3865 4684 4158 4763 tertiam
4195 4711 4349 4788 par·

1157 4855 1314 4918 tem
1353 4836 1576 4918 banni
1633 4857 1707 4918 et
1761 4857 2095 4918 teneatur
2146 4840 2450 4944 priuata.
2511 4858 2584 4918 et
2637 4858 2969 4944 potestas
3023 4858 3355 4919 teneatur
3408 4838 3641 4920 facere
3697 4841 3931 4921 iurare
3986 4839 4349 4922 fornarios

1155 4996 1551 5075 obseruare
1607 4996 1953 5100 predicta.
2012 4996 2089 5075 in
2143 4998 2504 5101 principio
2562 4998 2674 5076 sui
2729 4998 3141 5101 regiminis.
