5117 6834
386 761 392 766 ’
437 774 580 853 325

2134 352 2677 454 LXXVIII

814 662 1038 828 DE
1096 747 1569 828 FOSSATO
1625 749 2148 832 FACIENDO
2207 754 2396 836 PER
2450 755 2794 834 CIMAM
2852 757 3426 838 UINEARUMq

956 1058 1017 1147 5
1144 1088 1300 1142 TEM
1366 1081 1722 1142 statutum
1762 1083 1873 1142 est
1937 1061 2139 1165 quod
2197 1064 2321 1167 qui
2377 1062 2600 1142 habet
2654 1080 2883 1143 terras
2936 1062 3056 1142 uel
3113 1065 3630 1166 possessiones
3684 1064 3805 1146 uel
3879 1063 4004 1143 ali-

823 1246 1046 1324 quam
1103 1239 1386 1300 sortem
1440 1221 1517 1299 in
1575 1239 1780 1300 costa
1838 1221 2067 1299 sancti
2125 1222 2418 1300 faustini
2476 1219 2612 1327 (1)
2651 1248 2691 1299 a
2731 1220 3130 1325 columpna
3186 1221 3392 1325 podii
3448 1220 3583 1328 (2)
3622 1248 3854 1326 usque
3911 1221 4003 1300 ad

825 1397 1292 1457 cassenetum
1351 1378 1563 1458 burse
1619 1377 1834 1457 faciat
1889 1377 2250 1457 fossatum
2309 1405 2331 1456 1
2388 1378 2480 1457 de
2538 1406 2613 1458 111
2676 1378 2988 1482 pedibus
3059 1378 3432 1483 profundo
3490 1397 3563 1458 et
3618 1406 3719 1458 1111
3801 1379 4000 1483 pedi·
4082 1366 4088 1371 ⁴

827 1535 963 1614 bus
1015 1562 1152 1638 pro
1209 1534 1421 1638 largo
1477 1535 1616 1614 nisi
1678 1551 1870 1615 esset
1927 1537 2225 1614 tactum.
2288 1537 2472 1616 sicut
2554 1533 2689 1614 fuit
2772 1534 3272 1639 designatum.
3349 1534 3520 1614 hinc
3576 1536 3669 1614 ad
3727 1535 3999 1616 festum

822 1719 1038 1796 pasce
1093 1693 1434 1797 proxime
1489 1711 1821 1772 uenture.
1880 1693 1972 1771 Et
2028 1694 2149 1795 qui
2210 1691 2716 1771 contrafecerit
2776 1692 3017 1772 soluat
3075 1692 3396 1772 bannum
3484 1690 3999 1784 solidorumxx

721 1925 726 1930 .
817 1870 890 1928 et
945 1849 1480 1930 nichilominus
1536 1849 1818 1929 dictum
1903 1849 2265 1928 fossatum
2341 1849 2575 1929 facere
2631 1849 3001 1929 teneatur(
3050 1851 3146 1929 Et
3197 1849 3503 1954 quilibet
3561 1849 3841 1929 habens
3894 1851 3997 1929 ui·

817 2017 1037 2118 neam
1078 2007 1197 2087 uel
1243 2027 1512 2087 terram
1551 2007 1642 2087 de
1684 2007 1952 2087 subter.
2013 2008 2216 2088 iuxta
2274 2007 2554 2086 dictum
2612 2006 2973 2110 fossatum
3030 2028 3274 2087 teneat
3332 2010 3573 2113 ipsum
3633 2028 4001 2090 scuratum

821 2183 894 2243 et
948 2165 1398 2270 profundum
1472 2166 1564 2244 de
1639 2165 1870 2244 tribus
1925 2185 1998 2243 et
2054 2192 2154 2244 1111
2209 2165 2520 2269 pedibus
2590 2185 2670 2243 ut
2740 2192 2953 2269 supra
3029 2166 3161 2244 sub
3236 2193 3423 2270 pena
3486 2167 3832 2271 predicta.
3907 2169 4001 2247 Et

817 2323 1018 2428 quod
1058 2322 1366 2427 quilibet
1392 2324 1515 2427 qui
1554 2322 1775 2403 habet
1829 2342 2098 2401 terram
2139 2324 2338 2401 iuxta
2387 2323 2667 2401 dictum
2726 2305 3086 2403 fossatum
3135 2350 3350 2428 super
3404 2323 3625 2428 plano
3676 2324 4000 2405 dimittat

818 2482 1019 2560 viam
1076 2508 1301 2560 unam
1358 2510 1403 2558 x
1460 2481 1735 2585 pedum
1795 2482 1981 2559 inter
2039 2507 2115 2558 se
2176 2500 2247 2575 et
2302 2480 2587 2559 dictum
2643 2480 3004 2560 fossatum
3064 2480 3196 2559 sub
3237 2508 3424 2585 pena
3468 2480 3881 2561 s'olidorum
3921 2510 3993 2560 x,

819 2639 910 2717 Et
965 2638 1110 2717 hoc
1168 2640 1261 2717 sit
1316 2634 1405 2717 ad
1464 2637 1929 2718 uoluntatem
1988 2637 2345 2718 conscilii.
2389 2639 2480 2717 Et
2518 2638 2720 2743 quod
2776 2659 3108 2743 potestas
3162 2658 3495 2718 teneatur
3532 2641 3610 2718 in
3650 2665 3987 2720 mensem

814 2813 1212 2900 postquam
1270 2797 1612 2875 iurauerit
1669 2796 1903 2876 facere
1960 2797 2399 2875 aterminare
2457 2795 2731 2874 dictam
2772 2798 2971 2875 uiam
3012 2807 3169 2875 1111⁰¹
3205 2796 3658 2876 hominibus.
3716 2797 3810 2877 ad
3850 2799 3996 2877 hoc

819 2953 1096 3033 electis.
1157 2972 1230 3032 et
1288 2954 1347 3033 si
1403 2981 1546 3057 qua
1602 2981 1918 3058 persona
1972 2953 2249 3034 dictam
2306 2955 2507 3033 uiam
2563 2952 2750 3033 ultra
2809 2956 3173 3048 terminos
3210 2955 3499 3058 positos
3555 2954 3996 3035 laborauerit

820 3110 937 3191 uel
992 3111 1484 3216 impediuerit.
1545 3111 1661 3190 uel
1721 3113 1921 3191 iuxta
1976 3139 2196 3217 posse
2255 3113 2462 3191 cuius
2517 3131 2797 3215 reperta
2854 3113 3065 3191 tuerit
3138 3077 3489 3216 impedita
3564 3112 3806 3192 soluat
3859 3140 3996 3217 pro

817 3297 1005 3373 pena
1071 3287 1312 3354 solidos
1358 3312 1398 3352 x
1446 3304 1725 3353 astenses
1774 3306 1836 3352 et
1882 3309 1999 3374 pro
2047 3286 2328 3374 quolibet
2376 3305 2438 3353 et
2483 3285 2758 3374 qualibet
2805 3288 2944 3353 uice
2992 3309 3113 3374 qua
3162 3288 3219 3352 ei
3269 3306 3633 3375 preceptum
3682 3287 3888 3354 fuerit.
3938 3306 3998 3354 et

813 3444 986 3534 quod
1032 3445 1109 3512 de
1155 3445 1453 3533 predictis
1499 3444 1801 3512 dominus
1865 3462 2144 3532 potestas
2191 3446 2392 3533 possit
2439 3445 2587 3512 inde
2633 3446 2951 3532 inquirere
2997 3444 3074 3511 ad
3121 3468 3301 3511 suam
3366 3444 3761 3512 uoluntatem
3835 3429 3993 3534 (3).

815 3587 857 3625 '‘
911 3586 1269 3666 habentes
1324 3605 1550 3666 terras
1607 3613 1819 3690 supra
1879 3585 2100 3690 plano
2156 3587 2358 3664 iuxta
2415 3584 2699 3699 dictum
2757 3583 3117 3665 fossatum
3156 3587 3447 3690 possint
3484 3605 3734 3664 tenere
3774 3602 3848 3663 et
3887 3583 3993 3664 la-

812 3743 1070 3824 borare
1129 3743 1406 3824 dictam
1461 3743 1663 3838 uiam
1720 3742 2075 3847 quamdiu
2127 3742 2480 3848 placuerit
2537 3741 2900 3822 conscilio
2930 3735 3382 3822 baennarum
3441 3761 3514 3820 et
3569 3768 3725 3821 non
3781 3740 3992 3819 ultra.

813 3920 884 3979 et
941 3903 1209 3981 iterum
1268 3901 1594 4005 quelibet
1648 3927 1963 4004 persona
2020 3899 2300 3979 habens
2354 3898 2474 3979 uel
2533 3926 2675 4004 que
2732 3900 3067 3979 habuerit
3141 3900 3438 3978 uineam
3496 3897 3616 3977 uel
3670 3897 3995 4002 aliquam

809 4059 1371 4162 possessionem
1429 4059 1507 4138 in
1562 4057 1758 4137 dicta
1814 4076 2021 4137 costa
2078 4056 2196 4136 uel
2252 4058 2329 4136 in
2387 4055 2582 4135 dicta
2639 4075 2971 4136 contrata
3044 4057 3283 4160 possit
3340 4057 3442 4135 ire
3497 4055 3589 4134 ad
3649 4056 3806 4134 eius
3861 4081 3990 4134 uo-

810 4214 1174 4296 luntatem
1230 4242 1403 4295 cum
1459 4241 1670 4294 curru
1728 4232 1799 4293 et
1858 4214 2014 4294 sine
2072 4214 2378 4319 quocies
2434 4213 2500 4292 ei
2557 4179 3053 4293 necessarium
3111 4211 3326 4292 fiderit
3378 4240 3506 4317 per
3561 4219 3789 4293 terras
3843 4239 3987 4317 que

807 4394 979 4454 sunt
1034 4375 1223 4453 inter
1287 4371 1568 4452 dictum
1631 4370 1992 4452 fossatum
2077 4390 2149 4451 et
2229 4369 2447 4450 aliam
2530 4372 2809 4452 uietam
2874 4399 3016 4477 que
3082 4370 3284 4451 uadit
3347 4398 3476 4475 per
3541 4369 3843 4475 planum
3908 4372 3984 4451 in

803 4531 1241 4613 rectitudine
1296 4531 1792 4636 possessionis
1849 4557 2002 4610 sue.
2061 4532 2217 4610 siue
2301 4531 2449 4611 sint
2538 4528 2937 4611 imblauate
3022 4531 3178 4611 siue
3251 4557 3431 4610 non.
3492 4530 3651 4610 sine
3709 4533 3980 4611 banno.

809 4717 1196 4797 quousque
1253 4716 1576 4771 comune
1632 4707 1920 4793 caperet
1977 4707 2050 4768 et
2104 4707 2558 4793 recuperaret
2613 4690 2813 4768 uiam
2869 4688 3300 4793 predictam.
3339 4689 3484 4768 hoc
3525 4685 3734 4769 saluo
3780 4686 3981 4792 quod

804 4851 866 4928 si
921 4876 1064 4955 qua
1118 4875 1434 4953 persona
1489 4846 1709 4927 habet
1763 4846 1884 4926 uel
1940 4846 2237 4927 habebit
2292 4845 2536 4950 ayrale
2594 4846 2875 4926 ibidem
2911 4873 3069 4926 non
3105 4847 3343 4950 possit
3398 4847 3501 4925 ire
3558 4844 3651 4925 ad
3690 4844 3975 4925 dictum

805 5006 1047 5110 ayrale
1103 5034 1231 5112 per
1286 5025 1554 5086 terram
1626 5003 1933 5085 alicuius
1988 5004 2116 5085 sed
2173 5005 2277 5084 ire
2331 5005 2597 5124 debeat
2673 5003 3082 5085 solomodo
3134 5030 3263 5109 per
3317 5005 3519 5083 uiam
3574 5001 3979 5108 predictam

806 5166 963 5245 siue
1022 5166 1116 5245 sit
1172 5165 1570 5245 imblauata
1627 5164 1783 5244 siue
1841 5164 2066 5243 nonf‘
