5117 6834
747 1268 752 1272 ’
858 1307 1006 1390 319

862 4256 1013 4338 320

1248 542 1567 646 pretium
1620 541 1817 622 dicte
1873 542 1973 622 rei
2038 560 2285 646 empte
2343 529 2416 621 in
2472 543 2782 647 pecunia
2837 535 3241 622 numerata.
3304 543 3396 622 Et
3451 541 3653 648 quod
3710 541 4065 622 dominus
4100 560 4434 647 potestas

1249 702 1485 805 possit
1540 719 1613 780 et
1667 719 2002 780 teneatur
2056 698 2505 803 compellere
2569 726 3114 805 quamcumque
3179 726 3576 805 personam
3660 720 4039 781 ementem
4100 727 4230 780 seu
4284 727 4427 806 que

1248 860 1511 939 emerit
1568 856 1840 963 aliquid
1897 857 1988 938 ab
2043 857 2285 963 aliqua
2342 883 2659 963 persona
2715 861 3109 938 obseruare
3164 884 3466 962 presens
3522 857 3949 961 capitulum.

1246 1218 1472 1384 DE
1507 1298 1702 1380 HIIS
1739 1299 1928 1397 QUI
1963 1299 2376 1382 DEBENT
2411 1300 2927 1385 REDIMERE
2963 1300 3437 1387 PIGNORA
3472 1302 3671 1385 SUA
3726 1303 3944 1400 QUE
3996 1285 4422 1387 POSSUE-

1560 1456 1810 1540 RINT
1846 1457 1972 1537 -IN
2026 1456 2507 1541 PIGNORE.

1372 1674 1723 1876 ffl'rffl
1778 1770 2134 1832 statutum
2191 1771 2303 1832 est
2357 1752 2559 1858 quod
2621 1753 2681 1834 si
2737 1750 2980 1857 aliqua
3032 1778 3349 1856 persona
3431 1754 3798 1857 possuerit
3881 1751 4204 1858 aliquam
4260 1779 4422 1833 rem

1247 1914 1321 1992 in
1377 1912 1697 2016 pignore
1752 1936 1981 2016 penes
2037 1909 2357 2015 aliquam
2413 1936 2834 2015 personam.
2920 1928 3254 1991 teneatur
3336 1910 3530 1991 dicta
3611 1895 3928 2016 persona
4010 1912 4423 1992 reddimere

1250 2070 1533 2151 dictum
1591 2069 1864 2175 pignus
1917 2071 2009 2148 ab
2065 2066 2189 2149 illa
2242 2095 2557 2173 persona
2611 2095 2844 2175 penes
2925 2095 3148 2173 quam
3231 2070 3474 2174 ipsum
3555 2070 3945 2175 possue'rit.
4031 2088 4431 2174 postquam

1248 2228 1420 2309 inde
1477 2228 1872 2333 requisitus
1923 2224 2139 2306 fuerit
2194 2223 2446 2305 coram
2502 2244 2874 2330 potestate
2912 2245 2987 2307 et
3023 2227 3220 2307 curia
3259 2229 3732 2307 baennarum.
3791 2253 4020 2331 usque
4076 2226 4168 2306 ad
4228 2253 4451 2346 men-⁸

1250 2413 1410 2468 sem
1464 2412 1699 2467 unum
1752 2385 2092 2491 proxime
2149 2387 2751 2488 subsequentem.
2791 2384 3120 2490 alioquin
3177 2412 3221 2465 a
3276 2384 3480 2465 dicto
3535 2387 3859 2464 termino
3919 2386 3993 2465 in
4050 2404 4288 2465 antea.
4327 2404 4463 2502 te·-

1248 2562 1504 2624 neatur
1559 2543 1915 2624 dominus
1967 2560 2298 2647 potestas
2334 2560 2408 2622 et
2442 2541 2684 2648 possit
2722 2540 3093 2622 licentiare
3149 2541 3425 2622 dictam
3480 2567 3900 2647 personam.
3940 2525 4168 2647 penes
4206 2569 4431 2647 quam

1247 2702 1579 2808 positum
1637 2700 1851 2781 fiaerit
1905 2667 2188 2780 dictum
2242 2701 2537 2805 pignus
2626 2698 2829 2804 quod
2911 2699 3147 2803 possit
3205 2718 3545 2779 excutere
3601 2718 3675 2779 et
3712 2693 4016 2779 'trahere
4073 2699 4166 2779 de
4222 2700 4426 2780 dicto

1247 2835 1565 2966 pignore
1620 2857 1824 2939 illam
1881 2858 2368 2963 quantitatem
2422 2857 2736 2964 pecunie
2817 2884 2953 2963 pro
3039 2884 3182 2961 qua
3263 2855 3545 2936 dictum
3593 2853 3901 2980 >pignus
3976 2856 4113 2937 sibi
4170 2857 4425 2938 datum

1248 3018 1486 3100 fuerit.
1546 3018 1638 3098 Et
1694 3015 1966 3097 eodem
2022 3012 2278 3096 modo
2316 3033 2652 3096 teneatur
2711 3013 3036 3120 quelibet
3091 3041 3407 3120 persona
3463 3041 3606 3119 que
3688 3016 4043 3121 receperit
4122 3013 4424 3120 aliquod

1248 3179 1522 3283 pignus
1574 3175 1665 3256 ab
1720 3173 1962 3279 aliqua
2016 3199 2332 3278 persona
2385 3171 2692 3254 reddere
2751 3191 2825 3253 et
2879 3172 3260 3253 restituere
3299 3172 3582 3252 dictum
3618 3176 3893 3278 pignus
3948 3170 4052 3251 illi
4109 3198 4424 3277 persone

1249 3363 1290 3415 a
1346 3362 1490 3440 qua
1544 3335 1788 3439 ipsum
1842 3297 2196 3437 receperit
2251 3333 2327 3411 in
2382 3330 2666 3412 dictum
2723 3332 3127 3411 terminum
3167 3332 3385 3410 unius
3440 3330 3741 3411 mensis.
3799 3348 4196 3435 postquam
4252 3330 4426 3411 inde

1248 3493 1595 3600 requisita
1649 3490 1886 3572 fuerit.
1942 3509 2024 3570 ut
2079 3516 2293 3596 supra
2348 3489 2631 3570 dictum
2687 3508 2800 3570 est
2852 3516 2989 3596 pro
3045 3488 3167 3569 illa
3221 3489 3626 3595 quantitate
3707 3490 4015 3593 pecunie
4085 3517 4221 3594 pro
4285 3517 4426 3595 qua

1173 3729 1178 3734 ,
1250 3652 1533 3766 dictum
1554 3652 1827 3756 pignus
1844 3648 2180 3729 habuerit
2208 3667 2282 3728 et
2309 3647 2686 3752 receperit.
2709 3648 2801 3727 Et
2821 3674 2956 3752 pro
2973 3647 3320 3753 predictis
3338 3647 3807 3728 attendendis
3827 3666 3899 3727 et
3919 3648 4424 3729 obseruandis.
4528 3646 4534 3650 ⁴

1248 3811 1485 3916 possit
1523 3808 1882 3890 dominus
1935 3825 2265 3912 potestas
2320 3806 2706 3911 imponere
2761 3832 3031 3911 penam
3070 3825 3142 3886 et
3183 3806 3505 3886 bannum
3537 3807 3625 3885 ad
3669 3832 3875 3884 suam
3935 3796 4424 3886 uoluntatem.

1245 4170 1466 4336 DE
1521 4248 1954 4341 CANABo
2008 4249 2246 4330 NON
2300 4249 2920 4332 sEMINANDo
2976 4252 3085 4330 1N
3139 4250 3479 4334 oRTts
3594 4224 3599 4230 ’

1365 4465 1726 4666 Qum
1781 4562 2137 4625 statutum
2195 4561 2307 4622 est
2360 4542 2575 4648 quod,
2622 4540 2864 4646 aliqua
2917 4566 3232 4645 persona
3306 4520 3471 4619 non
3515 4539 3752 4645 possit
3775 4502 3781 4509 ⁸
3807 4567 3944 4619 nec
4000 4538 4264 4620 debeat
4319 4565 4429 4620 se-

1248 4707 1532 4788 minare
1587 4700 1709 4783 uel
1766 4702 2110 4783 seminari
2166 4699 2401 4781 facere
2455 4698 2758 4805 aliquod
2815 4724 3071 4805 semen
3128 4697 3383 4778 canabi
3440 4698 3517 4777 in
3570 4695 3820 4802 aliquo
3875 4715 4047 4778 orto
4103 4725 4241 4779 suo
4303 4696 4425 4818 uel

1247 4863 1519 4945 alieno.
1577 4863 1654 4943 in
1709 4860 1895 4940 ortis
1967 4856 2455 4939 existentibus
2508 4857 2584 4935 in
2640 4855 2913 4959 brayda
2994 4856 3598 4960 presbiterorum.
3684 4873 3756 4934 et
3812 4855 3888 4934 in
3944 4855 4156 4935 terris
4237 4852 4424 4934 olim

1243 5019 1568 5106 Rainerii
1621 5017 1953 5100 barberii.
2016 5034 2090 5097 et
2144 5013 2503 5096 heredum
2562 5014 2924 5130 Johannis
2977 5039 3202 5117 vayre
3260 5014 3395 5093 sub
3448 5039 3639 5119 pena
3713 5011 4129 5105 solidorum
4184 5041 4233 5091 x
4288 5039 4426 5116 pro

1245 5179 1571 5288 quali-bet
1623 5203 1940 5284 persona
1994 5172 2588 5256 contrafaciente.
2649 5192 2723 5254 et
2777 5171 3102 5279 qualibet
3156 5172 3342 5252 uice.
3401 5170 3494 5250 Et
3550 5170 3642 5250 de
3698 5170 4045 5275 predictis
4098 5169 4426 5276 quelibet

1244 5363 1558 5444 persona
1622 5335 1860 5441 possit
1913 5332 2088 5413 inde
2143 5329 2508 5413 accusare.
2567 5350 2641 5412 et
2695 5332 2763 5412 ei
2824 5332 3244 5411 iuramento
3327 5327 3683 5409 credatur.
3743 5328 3835 5407 Et
3890 5326 4244 5408 dominus
4296 5354 4429 5432 po-

1246 5512 1475 5575 testas
1525 5493 1765 5598 possit
1818 5490 1989 5572 inde
2047 5490 2435 5595 inquirere.
