5117 6834
1165 600 1241 699 f.

1363 656 1555 704 nvn.
1628 583 1775 749 12?
1820 636 2070 701 notario
2117 653 2179 699 et
2225 634 2500 700 clauario
2534 635 2706 701 curie
2753 634 3162 701 baennarum.

1629 829 1776 996 ρετ
1822 880 2105 945 notariiS.

1627 1073 1774 1235 ἓε
1820 1125 2081 1190 notariis
2128 1124 2299 1189 curie
2347 1122 2757 1189 baennarum.

1626 1317 1776 1484 De
1822 1390 1950 1434 non
2000 1367 2365 1456 recipiendo
2412 1365 2686 1457 aliquem
2735 1368 3018 1435 nobilem
3068 1370 3131 1436 in
3181 1369 3602 1438 habitatorem
3653 1371 4061 1439 baennarum.

1338 1635 1553 1682 vam.
1627 1564 1773 1730 ..D-e
1822 1616 2108 1701 personis
2156 1613 2580 1681 habitantibus
2627 1616 2695 1682 in
2743 1614 3003 1681 baennis
3052 1614 3446 1682 soluentibus
3494 1616 3748 1684 fodrum
3796 1640 3914 1704 pro
3962 1621 4242 1686 comuni.

1448 1882 1552 1928 L11.
1622 1806 1903 1993 Quod
1949 1879 2226 1948 potestas
2273 1878 2332 1927 et
2380 1859 2609 1927 sindici
2655 1879 2989 1929 teneantur
3020 1862 3211 1929 scribi
3260 1862 3462 1929 facere
3512 1865 3730 1930 omnia
3777 1863 3986 1931 debita
4029 1887 4153 1952 que
4196 1864 4330 1931 dari

1961 2027 2270 2094 debentur
2314 2051 2431 2116 pro
2479 2030 2765 2095 comuni.

1398 2288 1547 2334 mm.
1628 2213 1776 2335 De
1826 2282 2135 2352 potestate
2186 2263 2478 2353 ponenda
2526 2282 2590 2331 et
2638 2264 3151 2353 capitulatoribus
3199 2288 3387 2354 super
3434 2265 3605 2332 dicto
3654 2266 3842 2333 facto,

1619 2457 1891 2641 Quod
1939 2510 2204 2598 capitula
2252 2530 2314 2576 et
2377 2510 2816 2577 ordinamenta
2863 2509 3024 2576 sacta
3070 2510 3339 2578 debeant
3386 2534 3421 2576 a
3467 2529 3776 2598 potestate
3826 2513 4174 2580 obseruari.

1394 2774 1543 2819 Lvn.
1627 2707 1772 2865 ἓξ
1820 2756 2108 2843 capitulis
2156 2755 2608 2843 exemplandiS.

1375 3018 1547 3065 Lvm.
1624 2951 1770 3072 De
1817 3024 1946 3069 non
1995 3000 2339 3067 laborando
2383 3003 2452 3067 in
2498 3000 2723 3067 diebus
2771 3000 3033 3067 festinis.

1621 3194 1894 3372 de
1941 3246 2250 3335 eligantur
2296 3269 2341 3315 11
2387 3245 2684 3314 homines
2732 3247 2807 3313 ad
2856 3246 3289 3314 extimandum
3339 3249 3557 3314 omnia
3604 3249 3874 3337 dampna
3921 3271 4044 3337 que
4098 3249 4328 3318 debent

1949 3414 2270 3481 emendari
2317 3438 2351 3480 a
2399 3416 2756 3502 campan-iis,

1626 3603 1773 3756 D}
1822 3676 1951 3720 non
1998 3650 2371 3718 debentibus
2418 3651 2570 3717 flere
2620 3668 2913 3730 mortuos
2960 3648 3081 3716 alta
3131 3671 3310 3716 uoce.

1347 3908 1541 3954 LV1111·
1620 3844 1894 4021 Quod
1939 3913 2215 3985 potestas
2263 3913 2544 3964 teneatur
2593 3893 2794 3961 facere
2842 3896 3062 3962 omnia
3108 3897 3335 3983 partita
3381 3894 3858 3963 consciliorum.

1619 4093 1892 4266 Quod
1940 4143 2165 4211 sindici
2214 4122 2275 4210 et
2322 4142 2629 4210 clauarius
2675 4158 3007 4208 teneantur
3055 4140 3258 4207 facere
3313 4142 3628 4208 rationem
3697 4159 3842 4230 post
3910 4160 4162 4230 tempus
4228 4145 4328 4209 sui

1933 4312 2279 4396 regiminis.

1621 4502 1768 4621 De
1816 4548 2102 4616 emendis
2150 4547 2471 4615 soluendis
2517 4570 2630 4634 per
2678 4546 2988 4613 clauarios
3036 4546 3443 4613 baennarum.

1435 4815 1537 4861 Lx.
1588 4747 1767 4871 ‘De
1813 4795 2185 4863 officialibus
2232 4816 2361 4861 non
2408 4792 2783 4887 debentibus
2831 4791 3060 4858 habere
3107 4790 3393 4858 officium
3442 4813 3553 4878 per
3603 4814 3621 4858 1
3669 4813 3929 4857 annum.

1617 4994 1764 5116 De
1810 5066 1941 5109 non
1989 5040 2428 5129 arengantibus
2476 5036 2539 5107 in
2588 5039 2897 5107 conscilio
2944 5036 3112 5125 quod
3162 5036 3396 5125 aliquid
3429 5036 3612 5103 detur
3658 5036 3737 5102 de
3785 5036 3971 5103 bonis
4003 5037 4318 5103 comunis.

1382 5310 1531 5357 Lx11.
1613 5239 1883 5406 Quod
1932 5313 2158 5357 omnes
2205 5289 2547 5356 electiones
2596 5286 2746 5352 fiant
2793 5285 3214 5352 incontinenti
3264 5302 3600 5371 antequam
3659 5300 3936 5370 potestas
3986 5281 4235 5349 recedat
4282 5302 4319 5347 a

1928 5455 2254 5524 conscilio,
