5117 6834
2170 313 2644 418 XXXIX

424 751 568 832 177
806 629 1033 800 DE
1085 712 1327 795 NON
1379 709 1942 795 INTRANDO
1996 711 2471 795 ALIENUM
2523 711 2962 797 AYRALE.

912 929 1292 1146 ἔξηνε
1362 1023 1567 1129 quod
1623 1023 1865 1130 aliqua
1917 1050 2237 1130 persona
2292 1052 2449 1105 non
2520 1024 2782 1131 possit.
2839 1050 2977 1104 nec
3033 1022 3299 1104 debeat
3351 1025 3622 1104 intrare
3677 1024 4003 1104 alienum

810 1180 1080 1286 ayrale.
1137 1182 1283 1263 nisi
1336 1183 1414 1261 in
1470 1209 1565 1262 eo
1620 1179 1856 1264 facere
1911 1182 2236 1264 haberet.
2277 1181 2666 1263 uoluntate
2713 1177 2913 1262 illius
2950 1182 3157 1262 cuius
3212 1200 3407 1262 esset
3460 1180 3729 1288 ayrale.
3769 1200 3844 1262 et
3880 1182 4005 1263 illa

807 1366 1130 1445 persona
1183 1365 1328 1443 que
1385 1337 1899 1421 contrafecerit
1967 1337 2214 1420 soluat
2281 1343 2420 1445 pro
2490 1366 2706 1446 pena.
2779 1339 3085 1445 quocies
3149 1336 3400 1420 fecerit
3456 1338 3746 1420 solidos
3797 1368 3870 1420 v,
3931 1359 4005 1421 et

809 1514 1152 1603 tempore
1208 1522 1625 1577 mexonum
1681 1495 1971 1577 solidos
2030 1523 2158 1577 xx.
2219 1514 2293 1577 et
2347 1495 2441 1577 de
2479 1515 2703 1577 nocte
2745 1497 3030 1577 dictum
3069 1496 3397 1576 bannum
3434 1495 3870 1604 duplicetur.
3910 1499 4005 1579 Et

810 1654 871 1734 si
928 1654 1005 1734 in
1060 1653 1309 1735 alieno
1363 1652 1593 1758 ayrali
1646 1652 1924 1759 aliquid
1980 1672 2293 1761 caperet.
2348 1654 2695 1761 puniatur
2767 1654 3180 1735 secundum
3234 1654 3637 1760 capitulum
3694 1657 3787 1737 de
3843 1684 4006 1737 ma-

808 1808 1081 1891 leficio.
1141 1830 1216 1891 et
1272 1809 1599 1916 quelibet
1634 1837 1953 1917 persona
2005 1813 2245 1917 possit
2301 1810 2475 1892 inde
2531 1838 2872 1892 accusare
2929 1839 3073 1917 que
3128 1810 3343 1892 fuerit
3397 1814 3597 1892 bone
3651 1812 3871 1893 fame.
3931 1832 4004 1893 et

808 1967 1147 2049 credatur
1200 1932 1665 2049 accusationi⁸
1712 1996 1842 2050 sue
1897 1937 2349 2050 iuramento.
2410 1987 2485 2051 et
2538 1996 2696 2049 non
2770 1967 3229 2076 intelligatur
3292 1970 3535 2075 ayrale
3591 1971 3734 2051 nisi
3789 1969 4004 2052 fuerit

808 2125 1142 2206 clausum
1197 2125 1290 2206 ad
1346 2125 1673 2210 modum
1728 2125 2016 2231 ayraliS.
2075 2126 2197 2207 uel
2251 2127 2396 2207 nisi
2453 2145 2651 2207 esset
2705 2153 2923 2206 causa
2975 2127 3280 2231 parandi
3345 2087 3641 2207 bestiasi
3699 2126 3821 2208 uel
3877 2155 4001 2207 ca-

804 2282 1057 2390 piendi
1112 2282 1479 2365 uolucreS.
1557 2283 1838 2366 scilicet
1909 2281 2201 2390 galinas
2273 2309 2599 2390 capones
2671 2283 2793 2363 uel
2865 2309 3163 2365 anseres
3235 2309 3389 2363 sue.
3448 2284 3509 2364 si
3564 2284 3711 2365 hoc
3766 2284 4000 2400 iurare

805 2438 1148 2521 uoluerit.
1205 2467 1478 2547 penam
1532 2441 1857 2548 aliquam
1915 2468 2073 2523 non
2131 2440 2565 2524 substineat.

417 2952 447 3008 1
465 2928 564 3034 78
796 2835 1203 3048 qun
1255 2917 1590 3001 SEPUM
1643 2917 1886 3054 NQN
1934 2899 2532 3009 FUNDATUR.
2559 2917 2677 3002 IN
2727 2916 3063 3046 [ΠΜ-Α.

922 3134 1283 3340 Qum
1338 3247 1698 3311 statutum
1753 3247 1866 3310 est
1938 3228 2144 3334 quod
2217 3227 2418 3309 nulla
2488 3207 2806 3335 persona
2858 3218 3101 3335 possit
3154 3203 3507 3309 fundere„
3540 3207 3691 3310 nec
3738 3231 4003 3311 debeat

804 3388 1108 3494 aliquod
1167 3415 1429 3494 sepum
1485 3414 1703 3469 causa
1756 3387 2132 3498 uendendi
2190 3388 2267 3467 in
2323 3385 2500 3468 uilla
2556 3390 3034 3468 baennarum.
3092 3414 3232 3467 nec
3288 3386 3481 3468 insta·
3548 3367 3825 3501 fossata
3879 3417 4002 3494 ay-

803 3545 1069 3627 ralium
1123 3545 1376 3652 aliquo
1434 3547 1672 3627 modo
1725 3548 1863 3627 sub
1918 3573 2109 3652 pena
2165 3545 2586 3627 solidorum
2643 3571 2742 3625 xx
2796 3572 2936 3651 pro
2992 3543 3317 3650 qualibet
3352 3545 3542 3626 uice.
3584 3523 3658 3628 et
3703 3546 3798 3627 de
3854 3548 4001 3628 hoc

804 3704 1278 3786 obseruando
1361 3723 1750 3786 teneantur
1831 3703 2371 3786 macellatores,
2430 3722 2506 3784 et
2563 3702 2880 3785 factores
2960 3703 3432 3785 candelarum
3507 3724 3997 3786 sacramento.

803 3891 941 3944 nec
998 3863 1225 3943 etiam
1281 3864 1460 3943 citra
1501 3888 1826 3943 ·cuzeam
1881 3862 1975 3942 de
2033 3887 2288 3943 uersus
2341 3880 2639 3967 portam
2695 3859 3147 3942 inferiorem.
3190 3880 3264 3942 et
3299 3859 3627 3967 quelibet
3680 3887 3999 3966 persona

800 4022 1040 4127 possit
1094 4019 1269 4102 inde
1325 3993 1689 4101 accusare.
1751 4038 1824 4101 et
1881 4020 1950 4100 ei
2005 4022 2425 4101 iuramento
2482 4018 2841 4101 credatur.
2899 4019 2993 4101 Et
3045 4019 3372 4125 predicta
3427 4025 3817 4101 teneantur
3871 4021 3997 4126 qui

799 4178 1074 4260 faciunt
1129 4177 1475 4260 candelas
1531 4180 1923 4259 obseruare
1979 4178 2423 4259 iuramento.
2494 4195 2568 4258 et
2638 4196 2973 4283 potestas
3045 4177 3139 4258 de
3193 4178 3545 4284 predictis
3596 4179 3837 4282 possit
3891 4161 3999 4258 in-

800 4339 1109 4442 quirere.
1188 4356 1261 4417 et
1326 4335 1637 4442 quilibet
1703 4355 2085 4417 accusator
2149 4335 2416 4456 habeat
2487 4335 2785 4416 tertiam
2858 4354 3145 4441 partem
3214 4333 3438 4414 banni
3513 4356 3588 4415 et
3658 4355 3997 4416 teneatur

798 4498 1153 4602 priuatus,

409 4943 556 5025 179
789 4840 1012 5006 DE
1064 4920 1359 5003 LUDIS
1412 4914 2135 5001 TAXrLLoRUM.

913 5137 1272 5344 ffl‘rm
1323 5250 1688 5313 smtutrmr
1743 5250 1857 5312 est
1889 5230 2115 5338 quod
2151 5257 2385 5312 nemo
2417 5230 2659 5337 possit
2712 5228 2835 5312 uel
2892 5228 3165 5310 debeat
3203 5227 3455 5310 ludere
3511 5228 3606 5310 ad
3660 5227 3986 5334 aliquem

794 5389 1057 5471 ludum
1123 5389 1560 5472 taxillorum
1615 5389 1754 5499 (1)
1806 5389 2146 5495 taliaycie
2199 5418 2335 5472 seu
2388 5408 2587 5470 nete.
2644 5407 2773 5469 aut
2849 5388 3155 5468 rianete.
3221 5385 3473 5494 aliquo
3541 5386 3805 5470 modo,
3862 5386 3986 5468 uel

794 5547 889 5629 ad
945 5548 1205 5629 ludum
1255 5549 1355 5630 de
1409 5568 1725 5654 septem.
1812 5567 1887 5629 et
1965 5547 2473 5630 hissimilibuS.
2559 5547 2705 5628 nisi
2758 5545 2852 5628 ad
2916 5544 3227 5626 tabulas.
3310 5544 3405 5626 ad
3489 5543 3796 5628 scachos
3852 5572 3982 5626 seu
