5117 6834
2121 324 2560 427 LXXVI
2580 325 2710 426 [II

455 751 600 835 329
839 646 1060 812 DE
1119 728 1597 808 FOSSATO
1656 729 1820 808 UIE
1877 727 2451 808 CANALETE.
2531 727 2666 835 (1)

961 945 1320 1147 fflmm
1377 1059 1734 1121 statutum
1792 1059 1903 1120 est
1958 1041 2162 1145 quod
2221 1058 2552 1146 potestas
2607 1060 2942 1121 teneatur
3024 1042 3259 1122 facere
3343 1044 3578 1123 teneri
3652 1063 4022 1124 scuratum
4138 1068 4143 1072 ’

845 1198 1207 1280 fossatum
1266 1225 1481 1303 super
1535 1200 1735 1278 uiam
1793 1197 2119 1279 canalete
2175 1196 2322 1278 illis
2352 1226 2672 1304 quorum
2732 1218 2903 1280 sunt
2957 1218 3146 1279 terre
3185 1198 3485 1281 cuilibet
3523 1201 3724 1281 iuxta
3783 1227 4019 1281 suam.

844 1385 886 1436 a
926 1357 1210 1437 fossato
1266 1356 1625 1459 ayralium
1662 1383 1893 1461 usque
1932 1356 2023 1435 ad
2051 1355 2375 1437 costam.
2417 1375 2778 1472 quantum
2816 1357 3056 1437 tendit
3094 1356 3478 1438 fossatum.
3519 1359 3613 1439 Et
3639 1377 4025 1439 teneantur

847 1541 1132 1595 scurare
1191 1515 1420 1619 usque
1477 1513 1569 1595 ad
1626 1511 1896 1594 festum
1953 1533 2425 1619 pentecostes
2481 1515 2615 1595 sub
2672 1540 2859 1619 pena
2935 1514 3352 1596 solidorum
3407 1542 3483 1597 111
3539 1517 3760 1596 curie.
3819 1515 4022 1621 quod

843 1669 1204 1752 fossatum
1264 1673 1357 1751 sit
1413 1672 1704 1775 largum
1760 1698 1862 1751 1111
1917 1670 2228 1776 pedibus
2310 1690 2384 1751 et
2463 1663 2697 1751 tribus
2762 1672 3234 1778 profundum.
3318 1673 3411 1752 Et
3493 1672 4025 1756 nichilominus

842 1857 1029 1935 pena
1089 1829 1330 1909 soluta
1387 1846 1721 1908 teneatur
1778 1855 2064 1909 scurare
2121 1828 2407 1909 dictum
2480 1827 2842 1910 fossatum
2927 1830 3339 1911 secundum
3395 1830 3598 1936 quod
3657 1831 4025 1912 uidebitur

845 1989 1304 2068 conueniens
1360 1986 1655 2067 duobus
1709 1986 2145 2066 hominibus
2199 1986 2290 2066 ad
2348 1987 2493 2067 hoc
2552 1985 2807 2068 electis
2860 2015 2988 2093 per
3025 2015 3128 2069 xv
3166 1988 3327 2069 dies
3379 2008 3551 2094 post
3605 1990 4025 2094 preconiza-

840 2146 1133 2226 tionem
1192 2144 1362 2228 inde
1420 2145 1710 2225 factam.
1770 2147 1864 2225 Et
1920 2145 2244 2249 quelibet
2298 2172 2615 2250 persona
2652 2163 2987 2226 teneatur
3023 2165 3274 2228 tenere
3314 2166 3684 2227 scuratum
3741 2147 4022 2228 dictum

699 2326 703 2329 ⁴
841 2301 1203 2384 fossatum
1245 2323 1318 2383 et
1356 2305 1602 2408 ipsum
1638 2302 1879 2383 taliter
1916 2321 2397 2383 manutenere
2437 2304 2638 2383 iuxta
2678 2331 2888 2384 suam
2926 2306 3508 2410 possessionem.
3551 2324 3625 2386 et
3662 2325 4021 2411 quantum

842 2460 1265 2542 extenditur
1323 2488 1451 2542 sua
1506 2463 1910 2566 possessio.
1969 2460 2171 2565 quod
2230 2488 2418 2566 aqua
2472 2460 2652 2541 dicti
2706 2459 2962 2542 fossati
3019 2490 3173 2543 non
3227 2464 3465 2568 possit
3537 2490 3827 2544 uersare
3870 2492 4020 2544 nec

841 2620 1044 2700 exire
1101 2620 1193 2699 de
1250 2619 1453 2699 dicto
1509 2618 1790 2700 fossato
1846 2620 1924 2699 in
1980 2618 2255 2700 dictam
2340 2619 2541 2699 uiam
2622 2618 2992 2724 publicam
3036 2619 3201 2722 ‚sub
3257 2647 3446 2726 pena
3502 2620 3915 2722 solidorum
3972 2651 4019 2701 v

838 2804 975 2883 pro
1033 2776 1367 2881 quolibet
1422 2796 1496 2857 et
1550 2777 1874 2882 qualibet
1919 2778 2105 2857 uice.
2157 2813 2220 2863 et
2266 2795 2437 2884 quod
2482 2795 2562 2862 de
2609 2794 2906 2885 predictis
2952 2796 3255 2865 dominus
3301 2814 3578 2888 potestas
3624 2799 3828 2886 possit
3873 2797 4022 2865 inde

730 3036 736 3041 ⁸
842 2953 1163 3039 inquirere
1213 2951 1291 3019 ad
1342 2975 1522 3019 suam
1570 2951 1969 3020 uoluntatem
2016 2969 2079 3021 et
2123 2970 2428 3020 teneatur.

449 3436 597 3513 330
834 3319 1055 3485 DE
1111 3401 1415 3497 AQUA
1471 3400 1689 3497 QUE
1745 3393 2283 3484 UERSATUR
2337 3402 2473 3484 DE
2527 3401 3125 3486 cANAtlssus.

886 3763 890 3767 ·
959 3617 1314 3820 Qum
1354 3743 1711 3806 statutum
1750 3745 1862 3807 est
1890 3724 2092 3831 quod
2130 3744 2461 3829 potestas
2507 3743 2841 3805 teneatur
2878 3729 3110 3805 iacere
3149 3726 3318 3806 duci
3358 3727 3711 3805 continue
3750 3752 4016 3831 aquarn

838 3912 980 3989 que
1039 3903 1369 3964 uersatur
1424 3883 1516 3963 de
1574 3882 1974 3964 canalibus·
2002 3885 2203 3963 iuxta
2241 3910 2496 3963 rocam
2535 3883 2670 3991 (2)
2707 3880 2882 3962 uille
2925 3886 3376 3963 baennarum
3414 3901 3490 3962 et
3527 3884 3729 3963 iuxta
3765 3903 4016 3963 ortum

840 4045 1346 4124 cortexiorum
1403 4070 1637 4148 usque
1693 4043 1784 4124 ad
1840 4041 2204 4123 fossatum
2262 4041 2354 4121 de
2409 4068 2599 4145 pane
2657 4041 2732 4119 in
2791 4066 2999 4120 seno,
3058 4040 3350 4120 Eodem
3407 4041 3645 4122 modo
3682 4060 4017 4121 teneatur

840 4200 994 4282 face
1050 4202 1219 4282 duci
1276 4230 1544 4307 aquam
1596 4230 1739 4306 que
1797 4202 1998 4281 uadit
2055 4200 2151 4283 de
2205 4203 2452 4280 subter
2507 4217 2821 4303 pontem
2878 4217 3088 4303 porte
3148 4200 3546 4304 superioris
3584 4226 3841 4280 uersus
3896 4226 4015 4279 cu-

841 4387 1051 4439 zeam
1112 4362 1318 4440 iuxta
1374 4387 1626 4440 rocam
1684 4358 1857 4439 uille
1912 4362 2386 4438 baennarum.
2429 4384 2662 4462 usque
2720 4357 2809 4458 ed
2868 4358 3151 4437 exitum
3207 4358 3350 4438 orti
3406 4358 3663 4457 Jacobi
3720 4357 4013 4439 Ollerii.

842 4517 934 4597 Et
990 4519 1111 4621 qui
1171 4518 1631 4597 strauariaret
1686 4517 1960 4596 dictam
2017 4543 2281 4620 aquam
2340 4513 2584 4595 soluat
2641 4542 2776 4619 pro
2833 4542 3022 4620 pena
3078 4513 3365 4595 solidos
3403 4542 3481 4596 x.
3942 4499 3961 4520 ⁸

454 4961 590 5038 331
832 4844 986 5010 D
996 4928 1050 5006 Ε
1106 4926 1295 5006 Uns
1351 4927 1790 5008 PUBLICIS
1845 4926 2462 5010 APERIENDIS.

955 5139 1313 5344 ffi'rssm
1369 5269 1726 5331 statutum
1784 5271 1895 5332 est
1950 5253 2153 5357 quod
2210 5272 2541 5358 potestas
2596 5272 2932 5335 teneatur
2971 5255 3206 5336 facere
3245 5256 3505 5360 aperiri
3546 5274 3618 5335 et
3655 5255 4015 5336 disclaudi

841 5427 914 5488 et
968 5428 1254 5513 apertas
1307 5411 1543 5490 teneri
1598 5437 1867 5491 omnes
1923 5413 2081 5492 uias
2133 5410 2481 5516 publicas.
2542 5433 2617 5494 et
2671 5415 2872 5494 uiam
2927 5441 3071 5519 que
3146 5415 3347 5495 uadit
3402 5415 3493 5495 ad
3548 5435 3830 5497 tectum
3885 5419 4013 5498 ba-

841 5564 1233 5646 nallorum.
1290 5568 1383 5647 Et
1437 5570 1558 5673 qui
1620 5568 1991 5650 clauderet
2046 5570 2323 5650 dictam
2379 5571 2595 5651 uiam·
2638 5570 2885 5653 soluat
2938 5599 3075 5677 pro
3129 5600 3318 5677 pena
3360 5572 3649 5655 solidos
3702 5602 3779 5656 m
3835 5604 4013 5680 quo·
