<?xml version="1.0" encoding="UTF-8"?>
<!DOCTYPE html PUBLIC "-//W3C//DTD XHTML 1.0 Transitional//EN"
    "http://www.w3.org/TR/xhtml1/DTD/xhtml1-transitional.dtd">
<html xmlns="http://www.w3.org/1999/xhtml" xml:lang="en" lang="en">
 <head>
  <title>
</title>
<meta http-equiv="Content-Type" content="text/html;charset=utf-8" />
  <meta name='ocr-system' content='tesseract 3.04.00' />
  <meta name='ocr-capabilities' content='ocr_page ocr_carea ocr_par ocr_line ocrx_word'/>
</head>
<body>
  <div class='ocr_page' id='page_1' title='image "./capitulaetstatu00unkngoog_0055.png"; bbox 0 0 5117 6834; ppageno 0'>
   <div class='ocr_carea' id='block_1_1' title="bbox 2174 270 2425 369">
    <p class='ocr_par' dir='ltr' id='par_1_1' title="bbox 2174 270 2425 369">
     <span class='ocr_line' id='line_1_1' title="bbox 2174 270 2425 369; baseline 0 0"><span class='ocrx_word' id='word_1_1' title='bbox 2174 270 2425 369; x_wconf 84' lang='lat' dir='ltr'>XIII</span> 
     </span>
    </p>
   </div>
   <div class='ocr_carea' id='block_1_2' title="bbox 717 602 3901 858">
    <p class='ocr_par' dir='ltr' id='par_1_2' title="bbox 717 602 3901 858">
     <span class='ocr_line' id='line_1_2' title="bbox 719 602 3901 701; baseline 0.001 -25"><span class='ocrx_word' id='word_1_2' title='bbox 719 611 919 677; x_wconf 87' lang='lat' dir='ltr'>menti</span> <span class='ocrx_word' id='word_1_3' title='bbox 965 608 1259 677; x_wconf 86' lang='lat' dir='ltr'>denarios</span> <span class='ocrx_word' id='word_1_4' title='bbox 1307 631 1353 678; x_wconf 93' lang='lat'>11</span> <span class='ocrx_word' id='word_1_5' title='bbox 1401 629 1518 698; x_wconf 92' lang='lat' dir='ltr'>pro</span> <span class='ocrx_word' id='word_1_6' title='bbox 1567 608 1839 696; x_wconf 87' lang='lat' dir='ltr'>qualibet</span> <span class='ocrx_word' id='word_1_7' title='bbox 1886 602 2042 676; x_wconf 85' lang='lat' dir='ltr'>libra</span> <span class='ocrx_word' id='word_1_8' title='bbox 2088 609 2165 675; x_wconf 90' lang='lat' dir='ltr'>de</span> <span class='ocrx_word' id='word_1_9' title='bbox 2213 608 2443 678; x_wconf 86' lang='lat' dir='ltr'><strong>mobili</strong></span> <span class='ocrx_word' id='word_1_10' title='bbox 2491 626 2551 676; x_wconf 90' lang='lat' dir='ltr'>et</span> <span class='ocrx_word' id='word_1_11' title='bbox 2600 610 2677 676; x_wconf 89' lang='lat' dir='ltr'>de</span> <span class='ocrx_word' id='word_1_12' title='bbox 2729 609 3054 677; x_wconf 84' lang='lat' dir='ltr'>immobili</span> <span class='ocrx_word' id='word_1_13' title='bbox 3114 609 3404 678; x_wconf 89' lang='lat' dir='ltr'>denarios</span> <span class='ocrx_word' id='word_1_14' title='bbox 3453 634 3542 680; x_wconf 87' lang='lat'>1111</span> <span class='ocrx_word' id='word_1_15' title='bbox 3590 635 3704 701; x_wconf 91' lang='lat' dir='ltr'>pro</span> <span class='ocrx_word' id='word_1_16' title='bbox 3754 634 3901 701; x_wconf 86' lang='lat' dir='ltr'>qua·</span> 
     </span>
     <span class='ocr_line' id='line_1_3' title="bbox 717 764 1231 858; baseline 0 -24"><span class='ocrx_word' id='word_1_17' title='bbox 717 764 869 835; x_wconf 88' lang='lat' dir='ltr'>libet</span> <span class='ocrx_word' id='word_1_18' title='bbox 915 767 1072 834; x_wconf 91' lang='lat' dir='ltr'>libra</span> <span class='ocrx_word' id='word_1_19' title='bbox 1117 766 1231 858; x_wconf 87' lang='lat'>(1).</span> 
     </span>
    </p>
   </div>
   <div class='ocr_carea' id='block_1_3' title="bbox 982 925 2689 996">
    <p class='ocr_par' dir='ltr' id='par_1_3' title="bbox 982 925 2689 996">
     <span class='ocr_line' id='line_1_4' title="bbox 982 925 2689 996; baseline 0.001 -18"><span class='ocrx_word' id='word_1_20' title='bbox 982 926 1017 965; x_wconf 55' lang='grc' dir='ltr'>’Β</span> <span class='ocrx_word' id='word_1_21' title='bbox 1055 927 1109 979; x_wconf 90' lang='lat' dir='ltr'>in</span> <span class='ocrx_word' id='word_1_22' title='bbox 1147 925 1274 980; x_wconf 80' lang='lat' dir='ltr'>villa</span> <span class='ocrx_word' id='word_1_23' title='bbox 1313 926 1639 980; x_wconf 84' lang='lat' dir='ltr'>baennarum</span> <span class='ocrx_word' id='word_1_24' title='bbox 1676 938 1727 979; x_wconf 81' lang='lat' dir='ltr'>et</span> <span class='ocrx_word' id='word_1_25' title='bbox 1766 937 1913 979; x_wconf 80' lang='lat' dir='ltr'>extra</span> <span class='ocrx_word' id='word_1_26' title='bbox 1951 925 2196 980; x_wconf 83' lang='lat' dir='ltr'>denarios</span> <span class='ocrx_word' id='word_1_27' title='bbox 2233 942 2314 980; x_wconf 86' lang='lat'>1111</span> <span class='ocrx_word' id='word_1_28' title='bbox 2352 942 2447 996; x_wconf 82' lang='lat' dir='ltr'>pro</span> <span class='ocrx_word' id='word_1_29' title='bbox 2484 926 2615 980; x_wconf 82' lang='lat' dir='ltr'>libra</span> <span class='ocrx_word' id='word_1_30' title='bbox 2651 926 2689 962; x_wconf 58' lang='grc' dir='ltr'>’κ’</span> 
     </span>
    </p>
   </div>
   <div class='ocr_carea' id='block_1_4' title="bbox 351 1241 3888 1567">
    <p class='ocr_par' dir='ltr' id='par_1_4' title="bbox 351 1241 3888 1567">
     <span class='ocr_line' id='line_1_5' title="bbox 351 1241 3888 1451; baseline -0.001 -42"><span class='ocrx_word' id='word_1_31' title='bbox 351 1352 397 1428; x_wconf 81' lang='lat'><em>5</em></span> <span class='ocrx_word' id='word_1_32' title='bbox 404 1372 454 1447; x_wconf 89' lang='lat'>4</span> <span class='ocrx_word' id='word_1_33' title='bbox 702 1241 1106 1451; x_wconf 77' lang='lat' dir='ltr'>QJOD</span> <span class='ocrx_word' id='word_1_34' title='bbox 1162 1326 1785 1408; x_wconf 91' lang='lat' dir='ltr'>PRINCIPALIS</span> <span class='ocrx_word' id='word_1_35' title='bbox 1841 1327 2127 1410; x_wconf 87' lang='lat' dir='ltr'>PRIUS</span> <span class='ocrx_word' id='word_1_36' title='bbox 2183 1328 2943 1410; x_wconf 88' lang='lat' dir='ltr'>CONUENIATUR</span> <span class='ocrx_word' id='word_1_37' title='bbox 3024 1327 3315 1409; x_wconf 90' lang='lat' dir='ltr'>ANTE</span> <span class='ocrx_word' id='word_1_38' title='bbox 3384 1328 3699 1424; x_wconf 85' lang='lat' dir='ltr'><strong>QUAM</strong></span> <span class='ocrx_word' id='word_1_39' title='bbox 3768 1328 3888 1407; x_wconf 88' lang='lat' dir='ltr'>FI-</span> 
     </span>
     <span class='ocr_line' id='line_1_6' title="bbox 1012 1484 1536 1567; baseline -0.002 -3"><span class='ocrx_word' id='word_1_40' title='bbox 1012 1484 1536 1567; x_wconf 88' lang='lat' dir='ltr'>DEIUSSOR.</span> 
     </span>
    </p>
   </div>
   <div class='ocr_carea' id='block_1_5' title="bbox 720 1724 3902 3979">
    <p class='ocr_par' dir='ltr' id='par_1_5' title="bbox 720 1724 3902 3979">
     <span class='ocr_line' id='line_1_7' title="bbox 826 1724 3902 1937; baseline -0.001 -34"><span class='ocrx_word' id='word_1_41' title='bbox 826 1724 1017 1937; x_wconf 49' lang='lat' dir='ltr'><em>Q</em></span> <span class='ocrx_word' id='word_1_42' title='bbox 1053 1850 1210 1904; x_wconf 81' lang='lat' dir='ltr'>TEM</span> <span class='ocrx_word' id='word_1_43' title='bbox 1251 1842 1606 1903; x_wconf 85' lang='lat' dir='ltr'>statutum</span> <span class='ocrx_word' id='word_1_44' title='bbox 1646 1843 1757 1903; x_wconf 87' lang='lat' dir='ltr'>est</span> <span class='ocrx_word' id='word_1_45' title='bbox 1796 1822 1998 1928; x_wconf 92' lang='lat' dir='ltr'>quod</span> <span class='ocrx_word' id='word_1_46' title='bbox 2038 1822 2358 1903; x_wconf 88' lang='lat' dir='ltr'>creditor</span> <span class='ocrx_word' id='word_1_47' title='bbox 2395 1822 2702 1903; x_wconf 89' lang='lat' dir='ltr'>alicuius</span> <span class='ocrx_word' id='word_1_48' title='bbox 2747 1823 2975 1903; x_wconf 89' lang='lat' dir='ltr'>debiti</span> <span class='ocrx_word' id='word_1_49' title='bbox 3024 1851 3180 1902; x_wconf 95' lang='lat' dir='ltr'>non</span> <span class='ocrx_word' id='word_1_50' title='bbox 3223 1823 3460 1928; x_wconf 86' lang='lat' dir='ltr'>possit</span> <span class='ocrx_word' id='word_1_51' title='bbox 3496 1841 3743 1927; x_wconf 90' lang='lat' dir='ltr'>petere</span> <span class='ocrx_word' id='word_1_52' title='bbox 3781 1822 3902 1901; x_wconf 87' lang='lat' dir='ltr'>ali·</span> 
     </span>
     <span class='ocr_line' id='line_1_8' title="bbox 720 1980 3899 2086; baseline -0 -26"><span class='ocrx_word' id='word_1_53' title='bbox 720 1981 895 2086; x_wconf 92' lang='lat' dir='ltr'>quid</span> <span class='ocrx_word' id='word_1_54' title='bbox 953 2009 1088 2060; x_wconf 93' lang='lat' dir='ltr'>nec</span> <span class='ocrx_word' id='word_1_55' title='bbox 1146 1980 1411 2061; x_wconf 86' lang='lat' dir='ltr'>habere</span> <span class='ocrx_word' id='word_1_56' title='bbox 1468 2009 1510 2060; x_wconf 89' lang='lat' dir='ltr'>a</span> <span class='ocrx_word' id='word_1_57' title='bbox 1565 1980 1997 2061; x_wconf 88' lang='lat' dir='ltr'>fideiussore</span> <span class='ocrx_word' id='word_1_58' title='bbox 2055 2008 2185 2061; x_wconf 93' lang='lat' dir='ltr'>seu</span> <span class='ocrx_word' id='word_1_59' title='bbox 2239 1980 2799 2060; x_wconf 88' lang='lat' dir='ltr'>fideiussoribus</span> <span class='ocrx_word' id='word_1_60' title='bbox 2836 2008 2970 2085; x_wconf 94' lang='lat' dir='ltr'>pro</span> <span class='ocrx_word' id='word_1_61' title='bbox 3027 1980 3187 2060; x_wconf 88' lang='lat' dir='ltr'>aliis</span> <span class='ocrx_word' id='word_1_62' title='bbox 3242 1982 3663 2061; x_wconf 91' lang='lat' dir='ltr'>constitutis</span> <span class='ocrx_word' id='word_1_63' title='bbox 3719 1980 3899 2060; x_wconf 92' lang='lat' dir='ltr'>dum</span> 
     </span>
     <span class='ocr_line' id='line_1_9' title="bbox 721 2139 3894 2246; baseline -0.001 -26"><span class='ocrx_word' id='word_1_64' title='bbox 721 2140 1091 2246; x_wconf 90' lang='lat' dir='ltr'>predictus</span> <span class='ocrx_word' id='word_1_65' title='bbox 1147 2140 1463 2220; x_wconf 83' lang='lat' dir='ltr'>creditor</span> <span class='ocrx_word' id='word_1_66' title='bbox 1520 2141 1847 2220; x_wconf 92' lang='lat' dir='ltr'>inueniet</span> <span class='ocrx_word' id='word_1_67' title='bbox 1903 2139 2178 2245; x_wconf 92' lang='lat' dir='ltr'>aliquid</span> <span class='ocrx_word' id='word_1_68' title='bbox 2227 2139 2319 2219; x_wconf 93' lang='lat' dir='ltr'>de</span> <span class='ocrx_word' id='word_1_69' title='bbox 2376 2140 2594 2220; x_wconf 90' lang='lat' dir='ltr'>rebus</span> <span class='ocrx_word' id='word_1_70' title='bbox 2649 2139 3011 2244; x_wconf 82' lang='lat' dir='ltr'>expeditis</span> <span class='ocrx_word' id='word_1_71' title='bbox 3044 2140 3462 2245; x_wconf 90' lang='lat' dir='ltr'>principalis</span> <span class='ocrx_word' id='word_1_72' title='bbox 3517 2139 3894 2220; x_wconf 86' lang='lat' dir='ltr'>debitoris.</span> 
     </span>
     <span class='ocr_line' id='line_1_10' title="bbox 722 2297 3897 2403; baseline -0.001 -25"><span class='ocrx_word' id='word_1_73' title='bbox 722 2318 796 2379; x_wconf 94' lang='lat' dir='ltr'>et</span> <span class='ocrx_word' id='word_1_74' title='bbox 853 2298 1053 2403; x_wconf 89' lang='lat' dir='ltr'>quod</span> <span class='ocrx_word' id='word_1_75' title='bbox 1113 2317 1442 2403; x_wconf 88' lang='lat' dir='ltr'>potestas</span> <span class='ocrx_word' id='word_1_76' title='bbox 1496 2326 1651 2378; x_wconf 95' lang='lat' dir='ltr'>non</span> <span class='ocrx_word' id='word_1_77' title='bbox 1709 2297 1972 2378; x_wconf 92' lang='lat' dir='ltr'>debeat</span> <span class='ocrx_word' id='word_1_78' title='bbox 2045 2297 2459 2402; x_wconf 88' lang='lat' dir='ltr'>predictum</span> <span class='ocrx_word' id='word_1_79' title='bbox 2543 2298 2988 2378; x_wconf 90' lang='lat' dir='ltr'>creditorem</span> <span class='ocrx_word' id='word_1_80' title='bbox 3068 2297 3188 2376; x_wconf 93' lang='lat' dir='ltr'>uel</span> <span class='ocrx_word' id='word_1_81' title='bbox 3271 2297 3672 2377; x_wconf 83' lang='lat' dir='ltr'>creditores</span> <span class='ocrx_word' id='word_1_82' title='bbox 3728 2297 3897 2376; x_wconf 90' lang='lat' dir='ltr'>inde</span> 
     </span>
     <span class='ocr_line' id='line_1_11' title="bbox 722 2453 3899 2560; baseline -0.001 -26"><span class='ocrx_word' id='word_1_83' title='bbox 722 2455 973 2535; x_wconf 92' lang='lat' dir='ltr'>audire</span> <span class='ocrx_word' id='word_1_84' title='bbox 1031 2484 1166 2535; x_wconf 92' lang='lat' dir='ltr'>nec</span> <span class='ocrx_word' id='word_1_85' title='bbox 1223 2455 1455 2534; x_wconf 86' lang='lat' dir='ltr'>facere</span> <span class='ocrx_word' id='word_1_86' title='bbox 1515 2455 1685 2534; x_wconf 89' lang='lat' dir='ltr'>inde</span> <span class='ocrx_word' id='word_1_87' title='bbox 1769 2457 2159 2535; x_wconf 88' lang='lat' dir='ltr'>rationem.</span> <span class='ocrx_word' id='word_1_88' title='bbox 2247 2475 2318 2534; x_wconf 91' lang='lat' dir='ltr'>et</span> <span class='ocrx_word' id='word_1_89' title='bbox 2401 2454 2707 2560; x_wconf 86' lang='lat' dir='ltr'>quilibet</span> <span class='ocrx_word' id='word_1_90' title='bbox 2790 2453 3240 2558; x_wconf 84' lang='lat' dir='ltr'>intelligatur</span> <span class='ocrx_word' id='word_1_91' title='bbox 3295 2470 3455 2535; x_wconf 86' lang='lat' dir='ltr'>esse</span> <span class='ocrx_word' id='word_1_92' title='bbox 3510 2454 3899 2534; x_wconf 87' lang='lat' dir='ltr'>fideiussor</span> 
     </span>
     <span class='ocr_line' id='line_1_12' title="bbox 723 2591 3900 2718; baseline -0.001 -26"><span class='ocrx_word' id='word_1_93' title='bbox 723 2613 1090 2718; x_wconf 81' lang='lat' dir='ltr'>quamuis.</span> <span class='ocrx_word' id='word_1_94' title='bbox 1124 2640 1200 2692; x_wconf 92' lang='lat' dir='ltr'>se</span> <span class='ocrx_word' id='word_1_95' title='bbox 1259 2614 1722 2691; x_wconf 89' lang='lat' dir='ltr'>constituerit</span> <span class='ocrx_word' id='word_1_96' title='bbox 1803 2611 2279 2716; x_wconf 88' lang='lat' dir='ltr'>principalem</span> <span class='ocrx_word' id='word_1_97' title='bbox 2355 2610 2797 2692; x_wconf 89' lang='lat' dir='ltr'>debitorem.</span> <span class='ocrx_word' id='word_1_98' title='bbox 2864 2612 3003 2691; x_wconf 91' lang='lat' dir='ltr'>nisi</span> <span class='ocrx_word' id='word_1_99' title='bbox 3058 2610 3181 2691; x_wconf 92' lang='lat' dir='ltr'>ille</span> <span class='ocrx_word' id='word_1_100' title='bbox 3238 2611 3357 2692; x_wconf 89' lang='lat' dir='ltr'>uel</span> <span class='ocrx_word' id='word_1_101' title='bbox 3414 2611 3515 2692; x_wconf 89' lang='lat' dir='ltr'>illi</span> <span class='ocrx_word' id='word_1_102' title='bbox 3574 2612 3697 2717; x_wconf 91' lang='lat' dir='ltr'>qui</span> <span class='ocrx_word' id='word_1_103' title='bbox 3755 2591 3900 2690; x_wconf 83' lang='lat' dir='ltr'>fue-</span> 
     </span>
     <span class='ocr_line' id='line_1_13' title="bbox 723 2768 3896 2874; baseline 0 -26"><span class='ocrx_word' id='word_1_104' title='bbox 723 2772 868 2849; x_wconf 89' lang='lat' dir='ltr'>rint</span> <span class='ocrx_word' id='word_1_105' title='bbox 923 2770 1240 2851; x_wconf 89' lang='lat' dir='ltr'>confessi</span> <span class='ocrx_word' id='word_1_106' title='bbox 1308 2770 1644 2850; x_wconf 87' lang='lat' dir='ltr'>debitum</span> <span class='ocrx_word' id='word_1_107' title='bbox 1700 2796 1778 2849; x_wconf 85' lang='lat' dir='ltr'>se</span> <span class='ocrx_word' id='word_1_108' title='bbox 1837 2768 2174 2848; x_wconf 88' lang='lat' dir='ltr'>habuisse</span> <span class='ocrx_word' id='word_1_109' title='bbox 2232 2787 2305 2848; x_wconf 90' lang='lat' dir='ltr'>et</span> <span class='ocrx_word' id='word_1_110' title='bbox 2360 2770 2744 2874; x_wconf 90' lang='lat' dir='ltr'>recepisse.</span> <span class='ocrx_word' id='word_1_111' title='bbox 2788 2788 2859 2849; x_wconf 91' lang='lat' dir='ltr'>et</span> <span class='ocrx_word' id='word_1_112' title='bbox 2914 2771 3059 2849; x_wconf 93' lang='lat' dir='ltr'>hoc</span> <span class='ocrx_word' id='word_1_113' title='bbox 3116 2768 3369 2849; x_wconf 90' lang='lat' dir='ltr'>locum</span> <span class='ocrx_word' id='word_1_114' title='bbox 3424 2770 3687 2849; x_wconf 85' lang='lat' dir='ltr'>habeat</span> <span class='ocrx_word' id='word_1_115' title='bbox 3742 2788 3896 2848; x_wconf 90' lang='lat' dir='ltr'>tam</span> 
     </span>
     <span class='ocr_line' id='line_1_14' title="bbox 725 2926 3894 3032; baseline -0 -25"><span class='ocrx_word' id='word_1_116' title='bbox 725 2929 801 3007; x_wconf 92' lang='lat' dir='ltr'>in</span> <span class='ocrx_word' id='word_1_117' title='bbox 855 2929 1218 3032; x_wconf 90' lang='lat' dir='ltr'>preteritis</span> <span class='ocrx_word' id='word_1_118' title='bbox 1272 2952 1498 3032; x_wconf 90' lang='lat' dir='ltr'>quam</span> <span class='ocrx_word' id='word_1_119' title='bbox 1553 2926 1630 3007; x_wconf 91' lang='lat' dir='ltr'>in</span> <span class='ocrx_word' id='word_1_120' title='bbox 1687 2926 1967 3006; x_wconf 85' lang='lat' dir='ltr'>futuris.</span> <span class='ocrx_word' id='word_1_121' title='bbox 2029 2946 2101 3006; x_wconf 92' lang='lat' dir='ltr'>et</span> <span class='ocrx_word' id='word_1_122' title='bbox 2156 2927 2494 3031; x_wconf 88' lang='lat' dir='ltr'>personis</span> <span class='ocrx_word' id='word_1_123' title='bbox 2539 2926 3036 3008; x_wconf 82' lang='lat' dir='ltr'>habitantibus</span> <span class='ocrx_word' id='word_1_124' title='bbox 3092 2929 3166 3006; x_wconf 91' lang='lat' dir='ltr'>in</span> <span class='ocrx_word' id='word_1_125' title='bbox 3223 2928 3529 3007; x_wconf 88' lang='lat' dir='ltr'>baennis</span> <span class='ocrx_word' id='word_1_126' title='bbox 3583 2945 3894 3006; x_wconf 89' lang='lat' dir='ltr'>tantum.</span> 
     </span>
     <span class='ocr_line' id='line_1_15' title="bbox 727 3083 3894 3189; baseline -0 -26"><span class='ocrx_word' id='word_1_127' title='bbox 727 3083 936 3164; x_wconf 91' lang='lat' dir='ltr'>saluo</span> <span class='ocrx_word' id='word_1_128' title='bbox 994 3084 1195 3189; x_wconf 90' lang='lat' dir='ltr'>quod</span> <span class='ocrx_word' id='word_1_129' title='bbox 1254 3085 1313 3165; x_wconf 91' lang='lat' dir='ltr'>si</span> <span class='ocrx_word' id='word_1_130' title='bbox 1371 3084 1616 3189; x_wconf 90' lang='lat' dir='ltr'>plures</span> <span class='ocrx_word' id='word_1_131' title='bbox 1673 3084 2049 3164; x_wconf 85' lang='lat' dir='ltr'>debitores</span> <span class='ocrx_word' id='word_1_132' title='bbox 2103 3084 2368 3165; x_wconf 91' lang='lat' dir='ltr'>fuerint</span> <span class='ocrx_word' id='word_1_133' title='bbox 2423 3085 2498 3165; x_wconf 90' lang='lat' dir='ltr'>in</span> <span class='ocrx_word' id='word_1_134' title='bbox 2554 3112 2707 3165; x_wconf 92' lang='lat' dir='ltr'>uno</span> <span class='ocrx_word' id='word_1_135' title='bbox 2765 3085 3017 3164; x_wconf 91' lang='lat' dir='ltr'>debito</span> <span class='ocrx_word' id='word_1_136' title='bbox 3057 3086 3133 3165; x_wconf 91' lang='lat' dir='ltr'>in</span> <span class='ocrx_word' id='word_1_137' title='bbox 3172 3084 3496 3164; x_wconf 90' lang='lat' dir='ltr'>solidum</span> <span class='ocrx_word' id='word_1_138' title='bbox 3561 3084 3894 3189; x_wconf 86' lang='lat' dir='ltr'>obligati.</span> 
     </span>
     <span class='ocr_line' id='line_1_16' title="bbox 727 3242 3895 3347; baseline -0.001 -25"><span class='ocrx_word' id='word_1_139' title='bbox 727 3261 800 3322; x_wconf 90' lang='lat' dir='ltr'>et</span> <span class='ocrx_word' id='word_1_140' title='bbox 855 3269 981 3347; x_wconf 89' lang='lat' dir='ltr'>per</span> <span class='ocrx_word' id='word_1_141' title='bbox 1036 3242 1412 3347; x_wconf 91' lang='lat' dir='ltr'>publicum</span> <span class='ocrx_word' id='word_1_142' title='bbox 1469 3244 2043 3322; x_wconf 89' lang='lat' dir='ltr'>instrumentum</span> <span class='ocrx_word' id='word_1_143' title='bbox 2114 3243 2520 3347; x_wconf 88' lang='lat' dir='ltr'>apparuerit</span> <span class='ocrx_word' id='word_1_144' title='bbox 2596 3242 2878 3321; x_wconf 88' lang='lat' dir='ltr'>dictum</span> <span class='ocrx_word' id='word_1_145' title='bbox 2959 3242 3293 3322; x_wconf 89' lang='lat' dir='ltr'>debitum</span> <span class='ocrx_word' id='word_1_146' title='bbox 3346 3242 3765 3347; x_wconf 88' lang='lat' dir='ltr'>peruenisse</span> <span class='ocrx_word' id='word_1_147' title='bbox 3822 3242 3895 3320; x_wconf 88' lang='lat' dir='ltr'>in</span> 
     </span>
     <span class='ocr_line' id='line_1_17' title="bbox 727 3397 3893 3505; baseline -0.001 -26"><span class='ocrx_word' id='word_1_148' title='bbox 727 3400 1120 3480; x_wconf 85' lang='lat' dir='ltr'>utilitatem</span> <span class='ocrx_word' id='word_1_149' title='bbox 1178 3398 1483 3479; x_wconf 91' lang='lat' dir='ltr'>alicuius</span> <span class='ocrx_word' id='word_1_150' title='bbox 1539 3401 1870 3504; x_wconf 91' lang='lat' dir='ltr'>ipsorum</span> <span class='ocrx_word' id='word_1_151' title='bbox 1927 3398 2047 3478; x_wconf 90' lang='lat' dir='ltr'>uel</span> <span class='ocrx_word' id='word_1_152' title='bbox 2102 3398 2544 3505; x_wconf 91' lang='lat' dir='ltr'>aliquorum.</span> <span class='ocrx_word' id='word_1_153' title='bbox 2601 3399 2804 3504; x_wconf 92' lang='lat' dir='ltr'>quod</span> <span class='ocrx_word' id='word_1_154' title='bbox 2843 3399 3029 3479; x_wconf 88' lang='lat' dir='ltr'>alius</span> <span class='ocrx_word' id='word_1_155' title='bbox 3063 3398 3183 3478; x_wconf 93' lang='lat' dir='ltr'>uel</span> <span class='ocrx_word' id='word_1_156' title='bbox 3221 3398 3341 3478; x_wconf 90' lang='lat' dir='ltr'>alii</span> <span class='ocrx_word' id='word_1_157' title='bbox 3380 3400 3751 3479; x_wconf 87' lang='lat' dir='ltr'>debitores</span> <span class='ocrx_word' id='word_1_158' title='bbox 3803 3397 3893 3477; x_wconf 87' lang='lat' dir='ltr'>ad</span> 
     </span>
     <span class='ocr_line' id='line_1_18' title="bbox 726 3556 3897 3662; baseline -0.001 -25"><span class='ocrx_word' id='word_1_159' title='bbox 726 3559 935 3637; x_wconf 89' lang='lat' dir='ltr'>cuius</span> <span class='ocrx_word' id='word_1_160' title='bbox 988 3556 1105 3636; x_wconf 94' lang='lat' dir='ltr'>uel</span> <span class='ocrx_word' id='word_1_161' title='bbox 1164 3585 1482 3662; x_wconf 91' lang='lat' dir='ltr'>quorum</span> <span class='ocrx_word' id='word_1_162' title='bbox 1540 3557 1965 3636; x_wconf 84' lang='lat' dir='ltr'>instantiam</span> <span class='ocrx_word' id='word_1_163' title='bbox 2019 3556 2295 3636; x_wconf 87' lang='lat' dir='ltr'>factum</span> <span class='ocrx_word' id='word_1_164' title='bbox 2332 3556 2545 3636; x_wconf 84' lang='lat' dir='ltr'>fuerit</span> <span class='ocrx_word' id='word_1_165' title='bbox 2600 3556 2882 3637; x_wconf 91' lang='lat' dir='ltr'>dictum</span> <span class='ocrx_word' id='word_1_166' title='bbox 2938 3558 3510 3637; x_wconf 87' lang='lat' dir='ltr'>instrumentum</span> <span class='ocrx_word' id='word_1_167' title='bbox 3566 3575 3897 3637; x_wconf 87' lang='lat' dir='ltr'>teneatur</span> 
     </span>
     <span class='ocr_line' id='line_1_19' title="bbox 727 3712 3898 3818; baseline -0 -24"><span class='ocrx_word' id='word_1_168' title='bbox 727 3740 857 3794; x_wconf 87' lang='lat' dir='ltr'>seu</span> <span class='ocrx_word' id='word_1_169' title='bbox 914 3733 1300 3794; x_wconf 90' lang='lat' dir='ltr'>teneantur</span> <span class='ocrx_word' id='word_1_170' title='bbox 1352 3713 1827 3794; x_wconf 86' lang='lat' dir='ltr'>fideiussores</span> <span class='ocrx_word' id='word_1_171' title='bbox 1884 3740 2045 3793; x_wconf 90' lang='lat' dir='ltr'>esse</span> <span class='ocrx_word' id='word_1_172' title='bbox 2102 3732 2176 3792; x_wconf 90' lang='lat' dir='ltr'>et</span> <span class='ocrx_word' id='word_1_173' title='bbox 2232 3714 2306 3792; x_wconf 92' lang='lat' dir='ltr'>in</span> <span class='ocrx_word' id='word_1_174' title='bbox 2363 3712 2494 3793; x_wconf 91' lang='lat' dir='ltr'>illo</span> <span class='ocrx_word' id='word_1_175' title='bbox 2550 3740 2723 3793; x_wconf 90' lang='lat' dir='ltr'>casu</span> <span class='ocrx_word' id='word_1_176' title='bbox 2779 3740 2935 3792; x_wconf 97' lang='lat' dir='ltr'>non</span> <span class='ocrx_word' id='word_1_177' title='bbox 2988 3714 3223 3818; x_wconf 89' lang='lat' dir='ltr'>possit</span> <span class='ocrx_word' id='word_1_178' title='bbox 3264 3713 3605 3793; x_wconf 13' lang='lat' dir='ltr'>‚creditori</span> <span class='ocrx_word' id='word_1_179' title='bbox 3650 3741 3898 3818; x_wconf 92' lang='lat' dir='ltr'>proce-</span> 
     </span>
     <span class='ocr_line' id='line_1_20' title="bbox 726 3869 3896 3979; baseline -0 -27"><span class='ocrx_word' id='word_1_180' title='bbox 726 3872 899 3952; x_wconf 92' lang='lat' dir='ltr'>dere</span> <span class='ocrx_word' id='word_1_181' title='bbox 958 3891 1215 3952; x_wconf 92' lang='lat' dir='ltr'>contra</span> <span class='ocrx_word' id='word_1_182' title='bbox 1271 3874 1475 3978; x_wconf 90' lang='lat' dir='ltr'>ipsos</span> <span class='ocrx_word' id='word_1_183' title='bbox 1530 3872 1672 3951; x_wconf 86' lang='lat' dir='ltr'>nisi</span> <span class='ocrx_word' id='word_1_184' title='bbox 1728 3891 2110 3976; x_wconf 90' lang='lat' dir='ltr'>tamquam</span> <span class='ocrx_word' id='word_1_185' title='bbox 2169 3889 2423 3949; x_wconf 90' lang='lat' dir='ltr'>contra</span> <span class='ocrx_word' id='word_1_186' title='bbox 2479 3869 2953 3979; x_wconf 83' lang='lat' dir='ltr'>fideiussores</span> <span class='ocrx_word' id='word_1_187' title='bbox 3008 3898 3162 3950; x_wconf 91' lang='lat' dir='ltr'>non</span> <span class='ocrx_word' id='word_1_188' title='bbox 3219 3870 3558 3950; x_wconf 86' lang='lat' dir='ltr'>obstante</span> <span class='ocrx_word' id='word_1_189' title='bbox 3616 3870 3896 3951; x_wconf 88' lang='lat' dir='ltr'>confes-</span> 
     </span>
    </p>
   </div>
   <div class='ocr_carea' id='block_1_6' title="bbox 728 4028 2179 4109">
    <p class='ocr_par' dir='ltr' id='par_1_6' title="bbox 728 4028 2179 4109">
     <span class='ocr_line' id='line_1_21' title="bbox 728 4028 2179 4109; baseline -0.001 -1"><span class='ocrx_word' id='word_1_190' title='bbox 728 4031 939 4109; x_wconf 92' lang='lat' dir='ltr'>sione</span> <span class='ocrx_word' id='word_1_191' title='bbox 996 4029 1182 4109; x_wconf 89' lang='lat' dir='ltr'>facta</span> <span class='ocrx_word' id='word_1_192' title='bbox 1238 4031 1312 4109; x_wconf 91' lang='lat' dir='ltr'>in</span> <span class='ocrx_word' id='word_1_193' title='bbox 1372 4031 1868 4109; x_wconf 88' lang='lat' dir='ltr'>instrumento</span> <span class='ocrx_word' id='word_1_194' title='bbox 1927 4028 2179 4108; x_wconf 90' lang='lat' dir='ltr'>debiti.</span> 
     </span>
    </p>
   </div>
   <div class='ocr_carea' id='block_1_7' title="bbox 361 4339 2225 4539">
    <p class='ocr_par' dir='ltr' id='par_1_7' title="bbox 361 4339 2225 4539">
     <span class='ocr_line' id='line_1_22' title="bbox 361 4339 2225 4539; baseline -0.003 -35"><span class='ocrx_word' id='word_1_195' title='bbox 361 4448 453 4539; x_wconf 68' lang='lat'>⁶5</span> <span class='ocrx_word' id='word_1_196' title='bbox 695 4339 926 4503; x_wconf 75' lang='lat' dir='ltr'>DE</span> <span class='ocrx_word' id='word_1_197' title='bbox 973 4410 1508 4502; x_wconf 74' lang='lat' dir='ltr'>BONORUM</span> <span class='ocrx_word' id='word_1_198' title='bbox 1561 4406 2225 4502; x_wconf 67' lang='lat' dir='ltr'>ExcussroNE</span> 
     </span>
    </p>
   </div>
   <div class='ocr_carea' id='block_1_8' title="bbox 817 4666 1012 4872">
    <p class='ocr_par' dir='ltr' id='par_1_8' title="bbox 817 4666 1012 4872">
     <span class='ocr_line' id='line_1_23' title="bbox 817 4666 1012 4715; baseline 0 -4"><span class='ocrx_word' id='word_1_199' title='bbox 817 4666 1012 4715; x_wconf 95' lang='lat' dir='ltr'>  </span> 
     </span>
     <span class='ocr_line' id='line_1_24' title="bbox 817 4715 941 4872; baseline 0 0"><span class='ocrx_word' id='word_1_200' title='bbox 817 4715 941 4872; x_wconf 95' lang='lat' dir='ltr'>  </span> 
     </span>
    </p>
   </div>
   <div class='ocr_carea' id='block_1_9' title="bbox 720 4699 3893 5474">
    <p class='ocr_par' dir='ltr' id='par_1_9' title="bbox 720 4699 3893 5474">
     <span class='ocr_line' id='line_1_25' title="bbox 838 4699 3892 4868; baseline 0.003 -32"><span class='ocrx_word' id='word_1_201' title='bbox 838 4699 991 4860; x_wconf 40' lang='lat'>:¹³¹2</span> <span class='ocrx_word' id='word_1_202' title='bbox 1048 4790 1205 4844; x_wconf 81' lang='lat' dir='ltr'>TEM</span> <span class='ocrx_word' id='word_1_203' title='bbox 1259 4781 1615 4842; x_wconf 90' lang='lat' dir='ltr'>statutum</span> <span class='ocrx_word' id='word_1_204' title='bbox 1652 4783 1762 4843; x_wconf 89' lang='lat' dir='ltr'>est</span> <span class='ocrx_word' id='word_1_205' title='bbox 1800 4763 2003 4868; x_wconf 92' lang='lat' dir='ltr'>quod</span> <span class='ocrx_word' id='word_1_206' title='bbox 2060 4766 2136 4843; x_wconf 93' lang='lat' dir='ltr'>in</span> <span class='ocrx_word' id='word_1_207' title='bbox 2193 4766 2631 4845; x_wconf 82' lang='lat' dir='ltr'>excussione</span> <span class='ocrx_word' id='word_1_208' title='bbox 2686 4764 3058 4844; x_wconf 87' lang='lat' dir='ltr'>bonorum</span> <span class='ocrx_word' id='word_1_209' title='bbox 3117 4765 3535 4845; x_wconf 88' lang='lat' dir='ltr'>uacantium</span> <span class='ocrx_word' id='word_1_210' title='bbox 3583 4764 3892 4845; x_wconf 87' lang='lat' dir='ltr'>sufficiat</span> 
     </span>
     <span class='ocr_line' id='line_1_26' title="bbox 724 4904 3889 5033; baseline 0 -33"><span class='ocrx_word' id='word_1_211' title='bbox 724 4922 785 5000; x_wconf 90' lang='lat' dir='ltr'>si</span> <span class='ocrx_word' id='word_1_212' title='bbox 839 4921 1022 5001; x_wconf 90' lang='lat' dir='ltr'>fiant</span> <span class='ocrx_word' id='word_1_213' title='bbox 1078 4921 1247 5001; x_wconf 92' lang='lat' dir='ltr'>inde</span> <span class='ocrx_word' id='word_1_214' title='bbox 1305 4939 1453 5000; x_wconf 88' lang='lat' dir='ltr'>tres</span> <span class='ocrx_word' id='word_1_215' title='bbox 1492 4920 1687 5000; x_wconf 86' lang='lat' dir='ltr'>eride</span> <span class='ocrx_word' id='word_1_216' title='bbox 1727 4947 1855 4999; x_wconf 93' lang='lat' dir='ltr'>seu</span> <span class='ocrx_word' id='word_1_217' title='bbox 1892 4922 2536 5025; x_wconf 86' lang='lat' dir='ltr'>preconizationes</span> <span class='ocrx_word' id='word_1_218' title='bbox 2576 4950 2789 5028; x_wconf 89' lang='lat' dir='ltr'>super</span> <span class='ocrx_word' id='word_1_219' title='bbox 2826 4922 3232 5033; x_wconf 21' lang='lat' dir='ltr'>campani-le</span> <span class='ocrx_word' id='word_1_220' title='bbox 3272 4922 3406 5029; x_wconf 84' lang='lat'>(2)</span> <span class='ocrx_word' id='word_1_221' title='bbox 3447 4904 3889 5002; x_wconf 79' lang='lat' dir='ltr'>baennarum</span> 
     </span>
     <span class='ocr_line' id='line_1_27' title="bbox 722 5077 3893 5184; baseline 0.001 -27"><span class='ocrx_word' id='word_1_222' title='bbox 722 5078 954 5157; x_wconf 88' lang='lat' dir='ltr'>tribus</span> <span class='ocrx_word' id='word_1_223' title='bbox 991 5077 1250 5157; x_wconf 90' lang='lat' dir='ltr'>diebus</span> <span class='ocrx_word' id='word_1_224' title='bbox 1287 5078 1659 5157; x_wconf 91' lang='lat' dir='ltr'>continuis</span> <span class='ocrx_word' id='word_1_225' title='bbox 1699 5096 2044 5183; x_wconf 89' lang='lat' dir='ltr'>precepto</span> <span class='ocrx_word' id='word_1_226' title='bbox 2082 5081 2494 5183; x_wconf 87' lang='lat' dir='ltr'>potestatis.</span> <span class='ocrx_word' id='word_1_227' title='bbox 2535 5077 2654 5158; x_wconf 90' lang='lat' dir='ltr'>uel</span> <span class='ocrx_word' id='word_1_228' title='bbox 2694 5080 2850 5159; x_wconf 89' lang='lat' dir='ltr'>eius</span> <span class='ocrx_word' id='word_1_229' title='bbox 2886 5078 3140 5159; x_wconf 90' lang='lat' dir='ltr'>locum</span> <span class='ocrx_word' id='word_1_230' title='bbox 3167 5080 3487 5158; x_wconf 89' lang='lat' dir='ltr'>tenentis</span> <span class='ocrx_word' id='word_1_231' title='bbox 3516 5080 3592 5158; x_wconf 89' lang='lat' dir='ltr'>in</span> <span class='ocrx_word' id='word_1_232' title='bbox 3630 5078 3893 5184; x_wconf 91' lang='lat' dir='ltr'>quibus</span> 
     </span>
     <span class='ocr_line' id='line_1_28' title="bbox 720 5234 3892 5341; baseline 0.001 -29"><span class='ocrx_word' id='word_1_233' title='bbox 720 5235 952 5328; x_wconf 84' lang='lat' dir='ltr'>tribus</span> <span class='ocrx_word' id='word_1_234' title='bbox 1005 5234 1728 5339; x_wconf 85' lang='lat' dir='ltr'>preconizationibus</span> <span class='ocrx_word' id='word_1_235' title='bbox 1811 5263 1940 5315; x_wconf 87' lang='lat' dir='ltr'>seu</span> <span class='ocrx_word' id='word_1_236' title='bbox 2025 5235 2245 5316; x_wconf 89' lang='lat' dir='ltr'>cridis</span> <span class='ocrx_word' id='word_1_237' title='bbox 2326 5237 2789 5315; x_wconf 89' lang='lat' dir='ltr'>contineatur</span> <span class='ocrx_word' id='word_1_238' title='bbox 2862 5255 2934 5316; x_wconf 92' lang='lat' dir='ltr'>et</span> <span class='ocrx_word' id='word_1_239' title='bbox 2989 5237 3499 5341; x_wconf 85' lang='lat' dir='ltr'>preconizetur</span> <span class='ocrx_word' id='word_1_240' title='bbox 3554 5236 3678 5339; x_wconf 92' lang='lat' dir='ltr'>qui</span> <span class='ocrx_word' id='word_1_241' title='bbox 3733 5236 3892 5316; x_wconf 90' lang='lat' dir='ltr'>uult</span> 
     </span>
     <span class='ocr_line' id='line_1_29' title="bbox 720 5362 3891 5474; baseline 0 -4"><span class='ocrx_word' id='word_1_242' title='bbox 720 5390 1141 5472; x_wconf 89' lang='lat' dir='ltr'>deffendere</span> <span class='ocrx_word' id='word_1_243' title='bbox 1198 5391 1393 5471; x_wconf 88' lang='lat' dir='ltr'>bona</span> <span class='ocrx_word' id='word_1_244' title='bbox 1451 5391 1570 5473; x_wconf 86' lang='lat' dir='ltr'>uel</span> <span class='ocrx_word' id='word_1_245' title='bbox 1628 5392 1838 5473; x_wconf 87' lang='lat' dir='ltr'>heres</span> <span class='ocrx_word' id='word_1_246' title='bbox 1895 5419 2056 5473; x_wconf 88' lang='lat' dir='ltr'>esse</span> <span class='ocrx_word' id='word_1_247' title='bbox 2096 5392 2291 5473; x_wconf 89' lang='lat' dir='ltr'>illius</span> <span class='ocrx_word' id='word_1_248' title='bbox 2328 5394 2534 5473; x_wconf 89' lang='lat' dir='ltr'>cuius</span> <span class='ocrx_word' id='word_1_249' title='bbox 2571 5362 2944 5474; x_wconf 84' lang='lat' dir='ltr'>bonorum</span> <span class='ocrx_word' id='word_1_250' title='bbox 3000 5392 3126 5473; x_wconf 90' lang='lat' dir='ltr'>fiet</span> <span class='ocrx_word' id='word_1_251' title='bbox 3184 5393 3524 5473; x_wconf 83' lang='lat' dir='ltr'>excussio</span> <span class='ocrx_word' id='word_1_252' title='bbox 3582 5393 3651 5473; x_wconf 90' lang='lat' dir='ltr'>si</span> <span class='ocrx_word' id='word_1_253' title='bbox 3698 5420 3891 5473; x_wconf 90' lang='lat' dir='ltr'>mor-</span> 
     </span>
    </p>
   </div>
   <div class='ocr_carea' id='block_1_10' title="bbox 720 5548 3892 5656">
    <p class='ocr_par' dir='ltr' id='par_1_10' title="bbox 720 5548 3892 5656">
     <span class='ocr_line' id='line_1_30' title="bbox 720 5548 3892 5656; baseline 0.001 -30"><span class='ocrx_word' id='word_1_254' title='bbox 720 5566 892 5627; x_wconf 90' lang='lat' dir='ltr'>tuus</span> <span class='ocrx_word' id='word_1_255' title='bbox 947 5548 1184 5628; x_wconf 83' lang='lat' dir='ltr'>fuerit.</span> <span class='ocrx_word' id='word_1_256' title='bbox 1243 5568 1315 5628; x_wconf 94' lang='lat' dir='ltr'>et</span> <span class='ocrx_word' id='word_1_257' title='bbox 1372 5552 1429 5628; x_wconf 87' lang='lat' dir='ltr'>si</span> <span class='ocrx_word' id='word_1_258' title='bbox 1487 5549 1700 5630; x_wconf 55' lang='lat' dir='ltr'>fiderit</span> <span class='ocrx_word' id='word_1_259' title='bbox 1756 5556 2022 5632; x_wconf 89' lang='lat' dir='ltr'>absens</span> <span class='ocrx_word' id='word_1_260' title='bbox 2078 5552 2542 5632; x_wconf 91' lang='lat' dir='ltr'>contineatur</span> <span class='ocrx_word' id='word_1_261' title='bbox 2596 5552 2675 5631; x_wconf 93' lang='lat' dir='ltr'>in</span> <span class='ocrx_word' id='word_1_262' title='bbox 2721 5551 2899 5656; x_wconf 90' lang='lat' dir='ltr'>ipsis</span> <span class='ocrx_word' id='word_1_263' title='bbox 2951 5550 3171 5630; x_wconf 86' lang='lat' dir='ltr'>cridis</span> <span class='ocrx_word' id='word_1_264' title='bbox 3225 5551 3351 5655; x_wconf 92' lang='lat' dir='ltr'>qui</span> <span class='ocrx_word' id='word_1_265' title='bbox 3407 5549 3565 5630; x_wconf 93' lang='lat' dir='ltr'>uult</span> <span class='ocrx_word' id='word_1_266' title='bbox 3619 5550 3892 5631; x_wconf 87' lang='lat' dir='ltr'>deffen-</span> 
     </span>
    </p>
   </div>
   <div class='ocr_carea' id='block_1_11' title="bbox 939 5782 989 5856">
    <p class='ocr_par' dir='ltr' id='par_1_11' title="bbox 939 5782 989 5856">
     <span class='ocr_line' id='line_1_31' title="bbox 939 5782 989 5856; baseline 0 -20"><span class='ocrx_word' id='word_1_267' title='bbox 939 5782 989 5856; x_wconf 85' lang='lat'>4</span> 
     </span>
    </p>
   </div>
   <div class='ocr_carea' id='block_1_12' title="bbox 5095 3791 5106 4136">
    <p class='ocr_par' dir='ltr' id='par_1_12' title="bbox 5095 3791 5106 4136">
     <span class='ocr_line' id='line_1_32' title="bbox 5095 3791 5106 4136; textangle 90"><span class='ocrx_word' id='word_1_268' title='bbox 5095 3819 5106 4136; x_wconf 57' lang='grc' dir='ltr'>-ι--Ὴ-μ-</span> <span class='ocrx_word' id='word_1_269' title='bbox 5101 3791 5104 3806; x_wconf 89' lang='grc'>-</span> 
     </span>
    </p>
   </div>
  </div>
 </body>
</html>
