5117 6834
809 587 1083 666 penam
1137 587 1296 641 non
1352 558 1619 641 soluat.
1679 559 1823 640 nisi
1878 586 2070 640 unus
2123 558 2354 639 alium
2408 555 2874 639 interfecerit.
2917 576 2990 638 et
3026 574 3202 636 tunc
3259 554 3503 637 soluat
3558 552 4008 635 interficiens

808 717 1149 801 eiusdem
1206 719 1424 799 etatis
1477 746 1614 824 pro
1668 744 1861 825 pena
1898 716 2119 800 libras
2170 746 2243 797 x.
2304 735 2378 798 et
2434 717 2496 797 si
2551 718 2947 798 occasione
2985 716 3181 796 dicte
3216 714 3718 823 percussionis
3743 712 4009 819 aliquis

793 878 1145 984 'ipsorum
1218 877 1601 959 minorum
1675 877 1980 982 aliquod
2054 877 2479 957 membrum
2554 876 2950 956 amitteret.
3029 875 3444 980 percutiens
3514 874 3806 955 amittat
3868 898 4005 978 pro

806 1062 998 1142 pena
1054 1035 1344 1117 solidos
1397 1062 1522 1118 Lx.
1581 1036 1644 1116 si
1700 1054 1953 1116 autem
2009 1036 2258 1116 minor
2312 1034 2638 1141 aliquem
2689 1036 3056 1115 maiorem
3112 1052 3195 1113 ut
3248 1033 3532 1114 dictum
3572 1051 3684 1114 est
3717 1059 4007 1139 percus·

806 1196 984 1275 serit
1038 1222 1197 1276 non
1253 1211 1592 1276 teneatur
1646 1194 1740 1275 de
1795 1221 2010 1301 pena.

413 1712 446 1766 1
464 1708 502 1792 5
520 1709 555 1792 5
789 1588 1017 1755 DE
1069 1669 1423 1754 UERBIS
1475 1669 2021 1753 INIURIOSIS
2072 1669 2387 1752 INTER
2442 1667 2969 1753 MULIERES.

920 1887 1287 2092 Qun
1340 1987 1611 2070 mulier
1666 2016 1796 2070 seu
1852 1987 2152 2071 femina.
2192 2017 2337 2096 que
2392 1990 2667 2071 dixerit
2719 1989 2929 2071 alteri
2984 1989 3276 2070 mulieri
3313 1989 3435 2071 uel
3471 1988 3747 2070 femine
3785 1990 4009 2071 mele-

800 2148 1066 2229 tricem
1120 2147 1243 2229 uel
1298 2147 1497 2229 aliud
1551 2167 1762 2256 turpe
1817 2150 2131 2230 uerbum
2169 2149 2640 2231 iniuriosum.
2679 2148 2924 2230 soluat
2958 2176 3097 2254 pro
3132 2176 3323 2255 pena
3376 2150 3685 2255 quocies
3738 2149 4007 2230 dixerit

801 2306 1093 2388 solidos
1147 2334 1198 2388 v
1254 2326 1588 2389 astenses
1661 2308 1805 2389 nisi
1890 2328 2139 2390 essent
2218 2307 2617 2390 familiares
2695 2326 2977 2389 stantes
3029 2308 3123 2389 ad
3180 2308 3535 2389 eumdem
3605 2334 3878 2412 panem
3934 2326 4008 2389 et

800 2467 1089 2547 uinum.
1149 2487 1222 2547 et
1279 2467 1422 2548 nisi
1478 2486 1729 2548 essent
1784 2494 2105 2550 sorores,
2163 2469 2392 2549 amita
2430 2487 2504 2549 et
2539 2468 2807 2574 neptis.
2864 2466 2987 2547 uel
3041 2467 3601 2571 consanguinea
3655 2467 4009 2547 iermana.

799 2652 944 2731 que
1000 2625 1095 2706 de
1151 2625 1348 2706 dicta
1400 2653 1592 2732 pena
1646 2653 1804 2707 non
1859 2645 2272 2707 teneantur.
2314 2627 2374 2707 si
2414 2653 2493 2707 se
2532 2626 3153 2707 concordauerint
3208 2626 3412 2706 iuxta
3464 2652 3595 2706 vm
3651 2625 3836 2706 dies,
3887 2624 4008 2705 uel

724 2832 734 2841 -
801 2783 944 2864 alie
998 2811 1157 2865 non
1212 2784 1615 2865 attinentes
1668 2812 1825 2866 non
1882 2803 2272 2866 teneantur
2326 2785 2419 2866 ad
2476 2784 2824 2865 eamdem
2878 2811 3175 2892 penam.

405 3269 559 3371 156
782 3168 1010 3335 DE
1065 3247 2298 3334 MULIEREPERCUTIENTE
2351 3245 2686 3330 ALIAM
2737 3246 3303 3331 MULIEREM.

916 3465 1275 3671 fflTEM
1296 3579 1358 3659 si
1386 3577 1631 3683 aliqua
1658 3578 1925 3660 mulier
1964 3607 2095 3660 seu
2132 3578 2411 3661 femina
2438 3579 2765 3686 aliquam
2803 3579 3026 3661 aliam
3055 3579 3449 3661 mulierem
3488 3607 3621 3661 seu
3648 3578 4007 3662 feminam

662 3724 670 3731 ⁶
791 3737 1235 3841 percusserit
1289 3737 1448 3817 sine
1504 3736 1787 3841 gladio.
1850 3737 2043 3818 unde
2101 3738 2407 3844 sanguis
2459 3765 2619 3841 non
2675 3757 2912 3819 exeat.
2971 3737 3093 3818 uel
3149 3765 3317 3818 eam
3371 3739 3647 3845 ceperit
3700 3765 3829 3844 per
3884 3767 4007 3819 ca·

790 3893 1040 4000 pillos.
1099 3894 1304 3976 malo
1360 3896 1599 3977 modo
1656 3916 1730 3977 et
1785 3898 1975 3978 irato
2031 3898 2315 3978 animo.
2374 3896 2621 3978 soluat
2673 3925 2811 4003 pro
2864 3924 3057 4003 pena
3115 3895 3404 3977 solidos
3458 3923 3536 3977 x.
3595 3915 3670 3976 et
3727 3898 3789 3977 si
3845 3924 4006 3978 san-

796 4055 970 4160 guis
1025 4055 1335 4135 exiuerit
1392 4053 1680 4136 solidos
1734 4084 1858 4136 xx.
1898 4057 2041 4137 nisi
2080 4056 2335 4137 fecerit
2372 4082 2452 4136 se
2491 4053 3021 4137 deffendenda
3079 4074 3156 4136 et
3209 4074 3387 4136 tunc
3443 4054 3536 4135 de
3577 4055 3776 4136 dicta
3814 4081 4007 4162 pena

794 4241 952 4294 non
1008 4233 1369 4295 teneatur.
1428 4215 1523 4295 Et
1579 4214 1925 4295 eamdem
1980 4242 2253 4320 penam
2320 4215 2731 4297 substineat
2811 4213 3080 4295 mulier
3133 4241 3276 4321 que
3331 4214 3555 4295 aliam
3610 4212 4005 4294 mulierem

732 4368 737 4372 ’
794 4370 1272 4454 busssauerit.
1329 4371 1453 4453 uel
1506 4400 1818 4454 manum
1873 4373 2063 4455 irato
2119 4374 2377 4455 animo
2414 4373 2626 4454 aliter
2681 4374 2759 4455 in
2816 4401 2983 4455 eam
3023 4374 3377 4455 iniecerit.
3437 4391 3511 4454 et
3566 4374 3629 4454 si
3685 4399 3763 4453 se
3820 4399 4007 4453 con-

797 4531 1268 4613 cordauerint
1321 4532 1736 4612 remittatur
1792 4533 1901 4613 eis
1953 4559 2227 4639 penam
2262 4561 2400 4639 pro
2438 4532 2866 4614 medietate.
2925 4533 3072 4613 nisi
3125 4551 3376 4614 essent
3432 4559 3732 4613 sorores
3768 4550 4007 4612 mater

794 4708 870 4771 et
924 4690 1100 4771 filia.
1159 4690 1280 4771 uel
1335 4691 1580 4798 neptis
1636 4718 1766 4772 seu
1822 4692 2073 4772 amita.
2132 4719 2274 4797 que
2332 4692 2426 4773 de
2484 4692 2682 4773 dicta
2734 4720 2950 4800 pena.
2981 4693 3172 4773 inter
3228 4719 3306 4773 se
3361 4719 3519 4773 non
3593 4709 4003 4773 teneantur.

802 4850 864 4930 si
921 4868 1202 4931 starent
1256 4850 1348 4930 ad
1405 4877 1642 4930 unum
1696 4876 1971 4957 panem
2029 4869 2103 4930 et
2158 4852 2446 4932 uinum.
