5117 6834
1129 680 1281 726 cum
1328 606 1558 726 ouibus
1603 658 1845 747 aliquas
1896 678 2118 746 capras
2162 674 2379 725 tenere
2424 654 2529 723 uel
2576 654 2808 724 ducere
2852 652 2970 722 sub
3014 674 3178 742 pena
3220 673 3342 742 pro
3386 649 3665 740 qualibet
3710 674 3897 745 capra
3942 669 4006 720 et
4050 651 4325 748 qualibet

1131 817 1275 884 uice
1321 812 1677 883 solidorum
1721 838 1764 882 v
1810 834 1874 883 et
1918 813 2181 904 quilibet
2225 814 2428 904 possit
2473 834 2770 883 accusare
2832 834 2984 881 cum
3035 812 3408 880 iuramento
3459 825 3524 877 et
3581 808 3886 879 habeatur
3930 825 3994 879 et
4035 826 4325 880 teneatur

1131 976 1377 1063 priuata
1424 988 1489 1041 et
1530 988 1812 1062 potestas
1857 973 2179 1062 inquirere
2227 971 2307 1041 ad
2349 994 2535 1041 suam
2580 970 3000 1040 uoluntatem.

742 1508 774 1562 1
789 1484 835 1563 8
847 1508 882 1586 3
1098 1390 1331 1561 DE
1386 1468 1657 1555 UINO
1710 1464 2292 1552 EXTRANEO
2344 1463 2587 1554 NON
2639 1461 3209 1547 DUCENDO.·

1226 1688 1421 1897 ΕΞ
1453 1820 1613 1877 'rm
1669 1811 2026 1875 statutum
2083 1812 2196 1874 est
2259 1792 2464 1899 quod
2530 1792 2774 1899 aliqua
2845 1818 3164 1898 persona
3199 1810 3585 1873 extranea
3636 1791 3759 1873 uel
3820 1794 4103 1898 priuata
4166 1819 4325 1874 non

1129 1954 1371 2059 possit
1406 1978 1544 2031 nec
1584 1953 1848 2056 debeat
1885 1952 2172 2032 ducere.
2214 1959 2336 2031 uel
2389 1951 2556 2032 duci
2598 1949 2834 2031 facere
2870 1950 3134 2031 uinum
3173 1969 3612 2031 extraneum
3666 1950 3760 2031 de
3817 1970 4020 2031 extra
4065 1951 4324 2034 uillam

1132 2108 1588 2190 baennarum
1659 2111 1737 2190 in
1793 2109 2123 2190 baenniS.
2202 2128 2277 2189 et
2349 2110 2476 2215 qui
2553 2105 3065 2189 contrafecerit
3141 2107 3386 2189 soluat
3437 2135 3576 2215 pro
3649 2109 3976 2214 qualibet
4048 2130 4344 2221 carrata¹

1135 2265 1423 2348 solidos
1476 2292 1527 2348 c
1568 2283 1915 2349 astenses
1951 2286 2027 2347 et
2064 2267 2127 2347 si
2164 2293 2310 2372 qua
2363 2291 2684 2370 persona
2739 2265 3005 2346 emerit
3040 2264 3136 2345 de
3174 2263 3427 2371 aliquo
3464 2266 3648 2346 uino
3705 2283 4064 2347 extraneo
4119 2267 4323 2372 quod

1132 2422 1440 2505 ductum
1494 2444 1692 2506 esset
1747 2426 1826 2504 in
1880 2424 2190 2505 baennis
2246 2423 2490 2504 soluat
2541 2450 2683 2530 pro
2736 2449 2928 2529 pena
2999 2421 3292 2504 solidos
3362 2448 3467 2503 xx
3519 2425 3830 2528 quocies
3880 2424 4155 2505 fecerit.
4229 2426 4325 2505 Et

1127 2584 1277 2663 hoc
1322 2585 1429 2664 ‚sit
1482 2582 1576 2663 ad
1631 2581 2101 2664 uoluntatem
2158 2581 2518 2663 conscilii.
2580 2599 2656 2661 et
2711 2578 3021 2686 quilibet
3073 2579 3315 2661 homo
3369 2580 3569 2662 bone
3625 2579 3820 2661 fame
3874 2583 4114 2686 possit
4150 2582 4322 2664 inde

1131 2765 1495 2821 accusare.
1553 2758 1631 2819 et
1686 2740 1754 2819 ei
1809 2740 2231 2820 iuramento
2315 2737 2673 2819 credatur.
2733 2755 2809 2819 et
2861 2736 3128 2818 habeat
3208 2738 3506 2818 tertiam
3585 2758 3874 2844 partem
3947 2739 4194 2820 banni.
4252 2759 4328 2822 et

1130 2917 1460 3003 potestas
1514 2898 1756 3003 possit
1806 2896 1982 2977 inde
2021 2896 2410 3003 inquirere.
2451 2896 2544 2976 Et
2581 2894 2788 3001 quod
2829 2894 2891 2976 si
2925 2895 3383 3000 contingerit
3436 2895 3762 3000 aliquam
3795 2923 4197 3003 personam
4235 2897 4327 2978 li-

1129 3056 1433 3136 centiati
1491 3082 1622 3161 per
1675 3054 2119 3136 conscilium
2156 3057 2611 3134 baennarum
2647 3053 2971 3134 ducendi
3009 3054 3273 3132 uinum
3312 3072 3746 3134 extraneum
3783 3055 3861 3134 in
3896 3054 4075 3137 uilla
4109 3055 4327 3136 baen-

1128 3240 1420 3294 narum.
1478 3212 1684 3320 quod
1738 3231 2005 3319 postea
2059 3212 2276 3293 liceat
2332 3211 2636 3292 cuilibet
2689 3237 3009 3317 persone
3050 3210 3505 3292 baennarum
3561 3211 3829 3292 ducere
3883 3213 4147 3294 uinum
4202 3241 4328 3295 ex·
4371 3292 4372 3295 x

1130 3392 1470 3453 traneum
1526 3372 1607 3451 in
1659 3370 1916 3451 uillam
1975 3371 2426 3451 baennarum
2464 3368 2558 3449 ad
2601 3396 2814 3450 suam
2869 3369 3342 3451 uoluntatem
3380 3371 3685 3477 impune
3742 3370 3947 3453 dicto
4004 3352 4328 3478 capitulo

1129 3558 1287 3611 non
1344 3532 1689 3611 obstante
1745 3556 1875 3635 per
1928 3547 2179 3610 totum
2235 3529 2608 3633 regimem
2684 3527 2881 3609 illius
2951 3530 3152 3609 anni.
3210 3530 3305 3610 Et
3360 3530 3422 3609 si
3475 3556 3605 3635 per
3657 3548 4110 3635 potestatem
4168 3558 4325 3612 non

1130 3687 1347 3798 fuerit
1404 3690 1884 3768 obseruatum
1959 3712 2265 3791 presens
2336 3684 2770 3804 capitulum.
2826 3686 3121 3767 amittat
3169 3686 3271 3766 de
3329 3706 3470 3767 suo
3523 3685 3792 3768 salario
3847 3686 4068 3768 libras
4121 3717 4193 3767 x.
4253 3654 4331 3771 et
4402 3746 4406 3751 ,

1062 3955 1067 3961 .
1128 3847 1277 3926 hoc
1331 3873 1489 3927 non
1544 3845 1785 3950 possit
1838 3844 2213 3925 remoueri
2296 3842 2663 3924 conscilio
2745 3841 2867 3923 uel
2922 3842 3074 3924 alio
3128 3842 3393 3925 modo.
3453 3863 3528 3926 et
3582 3844 3786 3950 quod
3858 3872 4016 3925 non
4086 3846 4327 3951 possit

1086 4004 1449 4111 ,proponi
1503 4003 1581 4084 in
1637 4002 2000 4085 conscilio
2057 4001 2513 4082 baennarum
2574 4063 2591 4081 .
2650 4000 2745 4081 de
2797 4001 2983 4081 uino
3040 4019 3393 4082 extraneo
3429 4000 3947 4084 disbaniendo.
4004 4002 4188 4083 dum
4225 4030 4327 4083 re·

1130 4165 1487 4269 periretur
1539 4162 1803 4242 uinum
1859 4163 1937 4242 in
1991 4159 2168 4240 uilla
2232 4158 2690 4240 baennarum
2739 4156 3215 4240 sufficienter.
3274 4177 3350 4239 et
3403 4159 3548 4240 nisi
3601 4161 3804 4265 prius
3870 4170 4327 4243 rece-reatum

1130 4321 1345 4402 foret.
1402 4347 1548 4426 que
1602 4318 2005 4399 recercatio
2059 4316 2219 4397 fieri
2275 4315 2543 4397 debeat
2599 4317 2789 4397 sicut
2847 4342 2979 4422 per
3049 4315 3493 4397 conscilium
3573 4316 4030 4399 baennarum
4109 4315 4328 4400 fuerit

1130 4477 1587 4559 ordinatum.
1654 4495 1734 4563 Et
1776 4492 2060 4583 quelibet
2102 4513 2379 4582 persona
2418 4513 2542 4580 pro
2569 4490 2855 4582 qualibet
2900 4489 3100 4559 bestia
3143 4490 3488 4580 ponderata
3515 4490 3727 4559 soluat
3765 4491 4012 4560 solidos
4043 4516 4128 4559 xx
4157 4510 4221 4560 et
4249 4491 4328 4559 ad

1130 4653 1401 4722 dorsum
1451 4650 1696 4720 solidos
1738 4674 1801 4719 x.
1848 4652 1928 4718 Et
1954 4649 2133 4740 quod
2177 4666 2457 4740 potestas
2502 4650 2572 4717 in
2618 4649 2937 4738 principio
2983 4650 3082 4717 sui
3121 4649 3466 4737 regiminis
3512 4648 3834 4719 attendere
3878 4648 4122 4718 dictum
4168 4652 4332 4738 capi-

1130 4768 1339 4880 tulum
1387 4828 1448 4879 et
1497 4809 1836 4879 observare
1882 4811 2247 4876 iuramento
2288 4823 2600 4875 teneatur.
2671 4805 2852 4874 saluo
2915 4805 3092 4896 quod
3145 4805 3428 4895 quelibet
3475 4830 3749 4897 persona
3794 4807 3875 4876 de
3919 4807 4180 4876 baemis
4223 4808 4328 4875 uel

1133 4970 1224 5039 ibi
1269 4966 1559 5039 habitans
1603 4968 1808 5057 possit
1853 4982 2144 5056 aportare
2189 4963 2295 5033 uel
2336 4965 2616 5053 aportari
2661 4962 2870 5032 facere
2907 4962 2992 5032 de
3036 4963 3212 5033 dicto
3258 4967 3415 5034 uino
3444 4967 3515 5034 in
3559 4966 3728 5034 botis
3773 4966 3879 5037 uel
3923 4965 4177 5035 barletis
4223 4988 4327 5034 oo-

1126 5129 1390 5195 casione
1431 5124 1819 5194 infirmitatis
1864 5121 1967 5190 uel
2012 5122 2133 5191 alia
2175 5123 2586 5193 neccessitate
2631 5122 2768 5190 sine
2809 5144 2972 5212 pena
3017 5140 3081 5190 et
3125 5122 3357 5192 banno.
