5117 6834
648 645 788 747 385

656 2956 807 3105 387,

1045 598 1203 722 DE
1240 664 1567 720 PERSONA
1606 664 1756 729 QUE
1791 663 2240 719 UIOLAUERIT
2277 664 2618 729 ALIQUAM
2658 663 3007 718 FEMINAM.

1171 857 1494 1060 &Ti-:M
1540 992 1843 1041 statutum
1894 991 1988 1039 est
2036 971 2307 1061 quodsi
2355 970 2578 1060 aliquis
2625 971 2829 1039 homo
2876 970 2955 1037 de
3003 970 3266 1038 baennis
3299 971 3401 1038 uel
3430 970 3519 1038 ibi
3565 971 3851 1038 habitans
3898 971 4232 1039 uiolauerit

1036 1138 1149 1182 seu
1196 1114 1436 1183 uiolare
1482 1115 1755 1181 uoluerit
1801 1115 2076 1203 aliquam
2125 1112 2433 1180 feminam
2481 1112 2686 1179 soluat
2733 1135 2850 1200 pro
2898 1111 3184 1201 quolibet
3230 1131 3291 1180 et
3337 1112 3616 1201 qualibet
3661 1115 3801 1180 uice
3862 1112 4104 1181 solidos
4151 1136 4230 1182 Lx

1038 1276 1320 1325 astenses
1369 1258 1423 1323 si
1472 1258 1591 1324 erit
1638 1256 1920 1323 meletris
1967 1275 2028 1322 et
2075 1254 2244 1342 quod
2293 1257 2374 1321 sit
2421 1254 2713 1320 meletrix
2761 1252 3052 1320 credatur
3081 1252 3282 1320 tribus
3314 1253 3685 1322 hominibus
3716 1276 3835 1320 suo
3867 1255 4230 1322 iuramento

1037 1401 1093 1467 si
1141 1422 1282 1466 eam
1329 1397 1657 1466 carnaliter
1712 1399 2148 1487 cognouerint.

1050 1762 1210 1886 DE
1246 1829 1575 1883 PERSONA
1613 1829 1908 1883 CITATA.

1313 2064 1363 2120 'l

1177 2021 1497 2222 &grem
1544 2136 1807 2203 addatur
1852 2135 2132 2224 capitulo
2179 2138 2357 2202 cuius
2407 2135 2678 2203 Rubrica
2730 2156 2822 2202 est
2869 2136 2947 2203 de
2994 2159 3263 2225 persona
3292 2139 3512 2204 ·citata
3558 2137 3669 2227 (2)
3714 2137 3884 2225 quod
3933 2139 3988 2203 si
4035 2160 4230 2225 quan-

1043 2281 1188 2346 titas
1234 2278 1427 2345 debiti
1477 2277 1663 2344 fuerit
1710 2277 2063 2344 solidorum
2113 2301 2155 2341 v
2200 2276 2305 2343 uel
2350 2276 2507 2344 infra
2554 2277 2761 2343 soluat
2807 2277 3087 2344 solidum
3135 2301 3176 2346 1.
3212 2297 3273 2344 et
3322 2276 3398 2344 de
3446 2277 3666 2345 solidis
3714 2302 3754 2342 v
3799 2301 3987 2367 supra
4035 2261 4233 2366 usque

1044 2422 1112 2486 in
1158 2418 1396 2486 solidos
1443 2443 1484 2484 x
1531 2417 1734 2485 soluat
1782 2416 2023 2484 solidos
2054 2439 2117 2485 11.
2151 2435 2213 2484 et
2258 2417 2336 2484 de
2383 2417 2605 2484 solidis
2646 2441 2688 2484 x
2730 2440 2915 2505 supra
2965 2416 3170 2484 soluat
3226 2418 3467 2485 solidos
3514 2441 3599 2486 1¹1.
3649 2436 4232 2508 quantumcumque

1044 2561 1229 2628 fuerit
1276 2563 1610 2649 quantitas,

1046 2900 1244 3069 (DE
1283 2992 1567 3047 ACCUSA
1607 2991 1811 3046 DATA
1849 2991 1981 3045 PER
2020 2896 2466 3067 EXEMPLUM).

1179 3182 1497 3382 ἐξῆκε
1547 3297 1808 3365 addatur
1856 3297 2130 3386 capitulo
2178 3299 2354 3364 cuius
2402 3296 2649 3364 rubrica
2699 3315 2792 3363 est
2839 3298 2916 3364 de
2963 3320 3184 3365 accusa
3233 3297 3371 3365 data
3420 3320 3531 3386 per
3577 3298 3941 3386 exemplum
4008 3300 4119 3390 (3)
4163 3303 4230 3367 in

1046 3439 1172 3508 fine
1218 3440 1371 3507 dicti
1420 3441 1673 3529 capituli
1721 3442 1856 3506 siue
1904 3457 2182 3506 mutetur
2250 3441 2384 3505 siue
2452 3462 2582 3505 non
2629 3438 2793 3505 dicta
2843 3461 3060 3505 acussa
3108 3442 3176 3506 in
3223 3439 3387 3507 libro
3435 3439 3604 3528 quod
3652 3463 3871 3507 acussa
3918 3463 4042 3529 que
4087 3440 4230 3509 data

1049 3601 1213 3649 esset
1259 3605 1372 3670 per
1416 3581 1786 3670 exemplum
1834 3580 2037 3647 ualeat
2083 3598 2144 3646 et
2191 3579 2401 3646 eidem
2448 3578 2631 3645 detur
2679 3579 2833 3646 fides
2881 3599 2941 3646 et
2989 3581 3167 3647 alteri
3217 3603 3348 3648 non
3397 3599 3459 3647 et
3505 3581 3675 3648 idem
3722 3581 4109 3668 intelligatur
4154 3581 4231 3651 de

1050 3721 1348 3790 omnibus
1397 3721 1797 3811 processibus
1846 3741 1908 3788 et
1955 3722 2209 3787 acussis.

1053 4059 1391 4252 (QUOD
1430 4159 1847 4214 ELIGANTUR
1884 4160 2041 4213 DUO
2089 4142 2409 4214 HOMINE'S
2445 4160 2539 4213 DE
2586 4158 2971 4215 CONSCILIO
3012 4160 3140 4225 QUI
3178 4161 3515 4216 DEBEANT
3564 4161 3677 4214 IRE
3725 4161 3880 4217 CUM
3917 4144 4232 4216 ,DECIMA-

1374 4283 1682 4338 TORIBUS
1726 4284 1826 4337 AD
1868 4282 2346 4338 COLIGENDUM
2399 4233 2770 4405 DECIMAS).

1185 4468 1505 4670 Quat
1554 4601 1857 4650 statutum
1903 4600 1996 4648 est
2042 4582 2213 4670 quod
2262 4581 2575 4671 eligantur
2619 4581 2749 4648 duo
2821 4582 3114 4650 homines
3186 4607 3262 4650 ex
3331 4583 3456 4650 illis
3501 4582 3580 4650 de
3626 4583 3936 4651 conscilio
3983 4586 4090 4672 qui
4136 4602 4230 4652 te-

1054 4745 1319 4793 neantur
1366 4744 1427 4791 et
1472 4723 1740 4792 debeant
1788 4724 1878 4789 ire
1923 4746 2071 4790 cum
2120 4715 2615 4789 decimatoribus
2660 4718 2912 4790 domini
2960 4725 3238 4813 episcopi
3288 4743 3353 4792 et
3397 4724 3661 4791 ecclesie
3710 4726 4103 4792 Baennarum
4152 4724 4228 4792 ad

1055 4867 1461 4956 coligendum
1506 4865 1786 4932 decimas
1834 4864 2173 4931 hominum
2222 4863 2609 4931 baennarum
2657 4865 2767 4952 qui
2814 4863 2943 4931 duo
2991 4864 3198 4932 ellecti
3263 4865 3529 4933 habeant
3576 4884 3639 4932 et
3687 4865 3915 4933 habere
3962 4865 4229 4933 debeant

978 5067 985 5072 .
1056 5007 1258 5076 silicet
1303 5007 1566 5098 quilibet
1612 5009 1900 5095 ipsorum
1947 5029 2064 5094 pro
2113 5008 2248 5073 eius
2295 5004 2525 5072 salario
2568 5028 2685 5093 pro
2717 5004 2992 5094 qualibet
3024 5004 3126 5072 die
3159 5029 3280 5094 qua
3312 5008 3499 5074 iuerit
3532 5005 3773 5075 solidos
3806 5029 3895 5075 nn
3929 5025 4227 5075 astenses,
