5117 6834
411 2789 511 2868 77

2196 325 2453 428 XVI

735 642 960 808 DE
1015 723 1631 807 POTESTATE
1684 722 1822 802 ET
1874 723 2321 808 SALARIO
2375 723 3038 807 POTESTATIS.

865 955 1056 1159 Q
1108 1066 1264 1122 TEM
1319 1060 1677 1123 statutum
1734 1061 1845 1122 est
1883 1041 2086 1148 quod
2123 1040 2385 1147 aliquis
2437 1059 2769 1145 potestas
2822 1041 2943 1121 uel
2997 1060 3238 1122 rector
3300 1044 3749 1123 baennarum
3804 1071 3962 1124 non

781 1200 1015 1304 possit
1082 1199 1351 1279 habere
1416 1198 1760 1280 salarium
1814 1226 1856 1278 a
1912 1197 2214 1280 comuni
2285 1201 2736 1279 baennarum
2790 1200 2931 1280 nisi
2997 1200 3276 1280 steterit
3342 1199 3463 1280 uel
3527 1200 3965 1281 habitauerit

780 1358 856 1436 in
914 1355 1085 1436 uilla
1140 1355 1592 1443 baennarum
1649 1384 1821 1437 cum
1875 1356 2149 1437 familia
2223 1383 2376 1437 sua.
2443 1374 2517 1436 et
2573 1358 2633 1437 si
2690 1356 2930 1437 dictus
2998 1374 3328 1461 potestas
3391 1357 3830 1438 habitauerit
3884 1360 3962 1439 in

782 1513 953 1626 uilla
1011 1533 1083 1594 et
1141 1515 1419 1596 electus
1472 1513 1687 1595 fuerit
1741 1544 1782 1594 a
1839 1516 2141 1595 comuni
2197 1514 2432 1619 possit
2486 1513 2755 1594 habere
2794 1514 3163 1635 ‘salarium
3231 1541 3459 1620 usque
3514 1516 3590 1595 in
3645 1516 3866 1597 libras
3918 1544 3965 1597 L

780 1690 853 1750 et
926 1698 1080 1751 non
1153 1670 1341 1751 ultra
1412 1672 1578 1777 ipso
1649 1671 1965 1751 habente
2039 1690 2112 1751 et
2182 1689 2482 1751 tenente
2558 1672 2910 1752 continue
2984 1698 3208 1751 unam
3282 1671 3816 1752 caualcaturam
3889 1675 3966 1753 in

781 1828 1106 1909 baennis,
1167 1847 1240 1909 et
1277 1830 1480 1934 quod
1536 1827 1801 1934 aliquis
1852 1846 2184 1932 potestas
2238 1827 2694 1908 baennarum
2748 1855 2906 1908 non
2959 1829 3198 1933 possit
3251 1828 3603 1909 refirmari
3643 1830 3719 1909 in
3758 1829 3964 1910 dicto

779 1987 1145 2092 regimine
1199 2005 1374 2091 post
1428 1986 1661 2067 finem
1718 1987 1829 2065 sui
1885 1987 2273 2090 regiminis
2327 1988 2403 2065 in
2460 2014 2661 2067 anno
2723 1987 3075 2091 proximo
3130 1986 3263 2067 sub
3320 1988 3654 2092 sequenti
3719 1988 3971 2093 aliquo

782 2144 1020 2225 modo
1064 2143 1185 2224 uel
1235 2115 1520 2250 ingenii
1581 2142 2003 2224 subtilitate.
2045 2162 2118 2223 et
2155 2143 2358 2248 quod
2413 2162 2745 2248 potestas
2797 2162 3131 2224 teneatur
3186 2144 3419 2225 facere
3472 2144 3630 2225 fieri
3688 2145 3971 2225 dictum

780 2301 1222 2383 conscilium
1275 2320 1677 2406 postquam
1731 2303 2076 2382 iurauerit
2131 2304 2471 2404 regimen
2529 2302 2712 2381 infra
2767 2329 2873 2382 xv
2929 2302 3113 2382 dies,

743 2698 966 2864 DE
1033 2778 1225 2858 HIIS
1291 2779 1479 2874 QUI
1543 2778 2387 2863 INTELLIGUNTUR
2452 2780 3182 2867 HABITATORES
3243 2784 3917 2870 BAENNARUM.
4052 2759 4063 2775 ⁴
4166 2847 4176 2858 .

876 2993 1066 3196 ἒξ
1095 3117 1255 3173 ‘ri-:M
1292 3110 1649 3173 statutum
1689 3108 1799 3170 est
1836 3089 2042 3195 quod
2096 3090 2336 3196 aliqua
2389 3116 2707 3194 persona
2742 3117 2900 3170 non
2938 3091 3033 3171 sit
3060 3117 3197 3171 nec
3226 3090 3676 3196 intelligatur
3712 3091 3965 3198 aliquo

783 3249 1020 3330 modo
1073 3248 1464 3329 habitatrix
1536 3251 2010 3328 baennarum.
2066 3246 2187 3327 uel
2241 3246 2610 3327 habitator
2674 3248 2814 3327 nisi
2889 3246 3210 3328 solueret
3274 3246 3570 3327 fodrum
3627 3267 3699 3328 et
3753 3249 3967 3330 talias

780 3434 916 3513 pro
952 3407 1257 3487 comuni
1307 3408 1779 3486 baennarum.
1819 3403 1939 3484 uel
1977 3405 2117 3485 nisi
2157 3423 2351 3484 esset
2388 3405 2464 3484 in
2501 3422 2804 3508 regesto
2841 3403 3017 3484 dicti
3066 3406 3410 3485 comunis
3464 3408 3789 3511 exceptis
3826 3407 3963 3514 (1)

997 3661 1002 3672 Ι
1440 3562 1879 3643 habentibus
1948 3579 2246 3666 pactum
2301 3587 2472 3641 curn
2529 3562 2835 3642 comuni
2891 3564 3339 3642 baennarum
3384 3562 3477 3642 de
3531 3563 3750 3643 fodro
3802 3590 3962 3645 non

779 3719 1145 3801 soluendo
1201 3720 1508 3800 comuni
1569 3723 2039 3799 baennarum.
2098 3737 2171 3798 et
2226 3718 2368 3798 nisi
2423 3718 2858 3798 habitauerit
2908 3719 2986 3797 in
3022 3719 3328 3798 baennis
3382 3719 3733 3798 continue
3788 3746 3961 3799 cum

781 3877 1053 3958 familia
1108 3896 1181 3958 et
1235 3876 1568 3957 cathena.

744 4268 965 4434 DE
1019 4347 1431 4430 ELECTIS
1483 4348 1628 4430 AD
1683 4349 2338 4432 CONSCILIUM.

875 4561 1064 4763 ἒξ
1098 4687 1254 4742 TEM
1309 4681 1665 4743 statutum
1722 4682 1833 4743 est
1888 4662 2090 4767 quod
2146 4662 2407 4768 aliquis
2459 4664 2699 4744 homo
2758 4666 3205 4744 baennarum
3259 4691 3417 4745 non
3454 4664 3548 4744 sit
3602 4691 3738 4745 nec
3795 4692 3958 4747 esse

784 4819 1048 4900 debeat
1103 4819 1196 4899 de
1251 4819 1504 4925 aliquo
1558 4821 1828 4925 partito
1883 4820 2215 4900 conscilii
2272 4821 2412 4901 nisi
2470 4821 2746 4901 electus
2798 4821 3012 4900 fuerit
3067 4821 3159 4901 ad
3215 4821 3651 4903 conscilium
3688 4825 3780 4903 ab
3818 4822 3957 4903 ele-

783 4976 1108 5057 ctoribus
1163 4978 1529 5057 comuniS.
1586 4975 1707 5057 uel
1761 4978 1903 5057 nisi
1959 4978 2201 5082 ipsum
2258 4978 2696 5058 conscilium
2752 4980 3117 5058 iurauerit.
3760 4979 3765 4984 ’
