5117 6834
775 749 915 849 165

763 3408 910 3486 166

755 4797 900 4902 167

992 763 999 770 ·
1056 644 1060 648 Δ
1123 670 1349 837 DE
1402 746 1790 831 FURTIS.
1867 717 1933 798 ‘2

1254 952 1445 1156 Q
1484 1082 1643 1136 TEM
1695 1073 2054 1136 statutum
2110 1073 2222 1136 est
2275 1055 2481 1160 quod
2538 1055 2601 1135 si
2657 1054 2901 1160 aliqua
2936 1081 3254 1160 persona
3307 1054 3562 1135 iecerit
3614 1053 3920 1160 aliquod
3976 1025 4263 1135 furtum
4288 1056 4365 1136 in

1161 1215 1338 1297 uilla
1394 1216 1847 1295 baennarum
1884 1212 2006 1294 uel
2042 1240 2265 1320 posse
2303 1241 2346 1294 a
2382 1213 2704 1294 denariis
2757 1240 2859 1294 x11
2910 1213 3095 1293 inira
3151 1212 3395 1293 soluat
3448 1240 3587 1319 pro
3642 1240 3832 1319 pena
3890 1212 4179 1295 solidos
4232 1240 4364 1295 xx.

1163 1393 1238 1455 et
1294 1375 1357 1455 si
1411 1401 1569 1454 non
1624 1372 1927 1453 haberet
1980 1373 2181 1453 unde
2237 1371 2564 1454 solueret
2618 1371 3051 1476 frustigetur
3106 1369 3228 1451 uel
3282 1389 3601 1476 ponatur
3646 1371 3740 1452 ad
3777 1369 4242 1485 pellerinum7
4291 1390 4366 1453 et

1160 1535 1221 1614 si
1280 1532 1558 1612 furtum
1623 1531 1840 1613 fuerit
1894 1560 1937 1611 a
1991 1530 2312 1612 denariis
2364 1558 2467 1612 x11
2523 1557 2740 1636 supra
2813 1555 3047 1635 usque
3104 1530 3180 1608 in
3238 1528 3529 1610 solidos
3582 1557 3632 1609 v
3689 1527 3932 1610 soluat
3986 1557 4123 1635 pro
4176 1557 4366 1636 pena

1147 1691 1451 1773 ‘solidos
1502 1719 1624 1771 Lx.
1684 1709 1758 1771 et
1814 1691 1877 1770 si
1931 1717 2088 1770 non
2144 1689 2447 1770 haberet
2500 1688 2702 1769 unde
2759 1687 3088 1769 solueret
3140 1714 3415 1794 penam
3487 1706 3910 1793 amputetur
3979 1688 4136 1769 siue
4191 1689 4365 1769 inci·

1157 1850 1375 1929 detur
1431 1849 1500 1929 ei
1554 1847 1959 1929 auriculam
2013 1847 2135 1928 uel
2192 1866 2550 1952 coquatur
2588 1848 2664 1926 in
2702 1845 2948 1927 fronte
3007 1847 3166 1926 siue
3221 1844 3430 1927 facie.
3471 1864 3547 1927 et
3584 1846 3647 1927 si
3683 1844 3901 1926 fuerit
3936 1875 3979 1927 a
4015 1845 4278 1928 solidis
4311 1874 4362 1925 v

1144 2034 1390 2123 -usque
1446 2007 1538 2087 ad
1596 2006 1885 2088 solidos
1936 2033 1990 2087 x
2048 2004 2294 2087 soluat
2347 2033 2485 2111 pro
2540 2032 2731 2111 pena
2797 2004 3088 2086 solidos
3141 2031 3214 2087 c.
3271 2024 3347 2086 et
3401 2005 3495 2086 de
3553 2004 3816 2086 solidis
3869 2031 3923 2085 x
3976 2032 4212 2111 usque
4267 2004 4359 2084 ad

1157 2166 1447 2247 solidos
1498 2194 1600 2246 xx
1657 2165 1879 2246 libras
1933 2192 2010 2246 x.
2070 2183 2145 2246 et
2199 2164 2292 2245 de
2351 2163 2614 2246 solidis
2668 2191 2773 2246 xx
2830 2192 3046 2272 supra
3101 2164 3323 2245 libras
3375 2192 3552 2245 xxv.
3608 2165 3705 2254 Et
3759 2165 4015 2245 sinon
4063 2163 4363 2245 haberet

1155 2324 1354 2405 unde
1412 2325 1740 2406 solueret
1793 2351 2065 2430 penam
2119 2310 2412 2404 amittat
2464 2323 2738 2428 pedem
2793 2323 2916 2404 uel
2970 2351 3281 2404 manum
3338 2323 3401 2403 si
3453 2340 3788 2429 potestas
3851 2349 4027 2404 eum
4090 2322 4358 2404 habere

1152 2485 1451 2589 poterit.
1493 2502 1568 2565 et
1603 2483 1880 2564 furtum
1937 2510 2109 2564 cum
2144 2509 2336 2589 pena
2390 2481 2616 2587 legali
2673 2482 3048 2563 emendet.
3086 2483 3182 2562 Et
3220 2482 3283 2562 si
3319 2481 3538 2562 fuerit
3588 2483 4036 2588 approbatus
4072 2480 4166 2561 de
4201 2509 4358 2562 uno

1152 2641 1351 2724 furto
1426 2642 1671 2723 soluat
1742 2642 2053 2748 duplum
2109 2660 2185 2723 et
2239 2641 2333 2722 de
2389 2641 2686 2723 duobus
2755 2640 3083 2747 triplum.
3141 2659 3216 2721 et
3271 2641 3364 2722 de
3429 2640 3665 2721 tribus
3736 2638 3947 2720 fiartis
4015 2640 4358 2746 puniatur

1156 2801 1567 2882 secundum
1624 2800 2149 2882 iurisformam.
2208 2819 2283 2881 et
2338 2801 2401 2881 si
2454 2799 2690 2881 fimus
2743 2800 3022 2881 factum
3077 2798 3292 2879 fuerit
3346 2800 3423 2880 in
3478 2798 3655 2880 uilla
3724 2798 4180 2880 baennarum
4235 2797 4357 2879 uel

1154 2980 1360 3046 extra
1412 2959 1671 3041 uillam
1727 2960 1805 3040 in
1860 2979 2083 3041 nocte
2142 2962 2471 3040 bannum
2527 2959 2861 3064 superius
2914 2957 3349 3063 duplicetur.

3719 3147 3764 3156 ...-

1124 3329 1352 3496 DE
1406 3405 1901 3490 INUENTIS
1952 3405 2067 3490 IN
2115 3404 2451 3489 DOMO
2505 3405 2980 3490 ALICUIUS
3014 3405 3149 3490 DE
3185 3407 3581 3493 NOCTE.
3683 3427 3692 3436 ·

1256 3627 1628 3830 ffi'rm
1684 3733 2043 3806 statutum
2108 3744 2222 3805 est
2267 3724 2470 3830 quod
2528 3725 2590 3804 si
2644 3722 2911 3829 aliquis
2964 3724 3330 3804 inuenerit
3383 3707 3708 3830 aliquem
3759 3701 3842 3806 'in
3897 3725 4137 3806 domo
4176 3742 4346 3805 sua.

1147 3885 1269 3964 uel
1327 3887 1404 3965 in
1462 3904 1664 3966 curte
1719 3903 1893 3989 post
1948 3882 2294 3964 ultimam
2349 3909 2789 3987 campanam
2873 3883 3031 3962 sine
3114 3881 3397 3963 lumine
3452 3882 3575 3963 uel
3628 3882 3804 3965 foco
3861 3902 3938 3965 et
3992 3883 4350 3965 dominus

1147 4044 1425 4125 domus
1476 4040 1599 4124 uel
1654 4042 1841 4124 alius
1896 4043 2055 4123 eius
2106 4041 2383 4122 familie
2440 4068 2614 4121 eum
2669 4042 3109 4146 percusserit
3161 4041 3283 4121 uel
3339 4041 3783 4123 interfecerit
3832 4043 3926 4124 de
3962 4070 4154 4149 pena
4189 4070 4344 4124 non

1147 4221 1505 4284 teneatur.
1566 4238 1627 4288 et
1673 4221 1729 4287 si
1775 4221 1917 4308 quis
1960 4219 2257 4286 inuentus
2304 4216 2491 4285 fuerit
2536 4219 2606 4286 in
2651 4215 2853 4285 domo
2899 4217 3164 4285 alicuius
3356 4212 3362 4219 ’
3964 4217 4172 4286 soluat
4225 4242 4346 4308 pro

1151 4378 1362 4446 banno
1410 4376 1600 4445 libras
1657 4379 2108 4467 quinquaginta
2164 4386 2309 4441 curie
2343 4387 2678 4441 baennarum
2711 4397 2767 4441 et
2800 4384 3054 4441 dominus
3089 4396 3327 4457 potestas
3363 4386 3534 4457 possit
3567 4397 3624 4441 et
3657 4386 3851 4442 debeat
3884 4387 4152 4460 inquirere
4187 4390 4292 4460 (3).

1115 4721 1343 4890 DE
1423 4797 1819 4882 INIURIA
1896 4799 2221 4882 DICTA
2316 4831 2412 4887 ET
2457 4832 2706 4889 FACTA
2766 4801 3114 4887 ALICUI
3192 4802 3770 4891 EXTRANEO
3849 4807 3987 4891 AB
4067 4809 4322 4894 ALIO

1434 4957 2040 5042 EXTRANEO.

1247 5178 1438 5382 Q
1466 5308 1625 5363 TEM
1682 5300 2039 5367 statutum
2078 5301 2190 5364 est
2227 5282 2431 5388 quod
2489 5284 2551 5364 si
2607 5282 2849 5389 aliqua
2884 5310 3201 5389 persona
3239 5304 3584 5366 extranea
3638 5287 3906 5368 dixerit
3940 5286 4149 5367 alteri
4182 5314 4339 5394 per-

1144 5470 1331 5523 sone
1370 5462 1715 5524 extranee
1753 5443 2056 5549 aliquod
2092 5444 2406 5523 uerbum
2460 5441 2907 5523 iniuriosum
2943 5444 3021 5524 in
3058 5444 3565 5526 iurisdictione
3601 5445 4057 5527 baennarum
4096 5445 4337 5527 soluat

1148 5628 1286 5706 pro
1345 5628 1534 5706 pena
1590 5602 1900 5707 quocies
1953 5601 2219 5682 dixerit
2273 5600 2601 5707 predicta
2657 5599 2945 5682 solidos
2998 5629 3073 5683 v.
3129 5604 3224 5683 Et
3279 5603 3339 5684 si
3395 5631 3588 5685 unus
3642 5623 4034 5685 extraneus
4068 5603 4337 5685 faceret
