5117 6834
747 705 898 784 288

756 3809 909 3912 289

1139 636 1364 803 DE
1415 686 1834 840 ARBoRE
1884 709 2271 796 ALIENA
2322 709 2564 795 NON
2615 710 3265 824 scALuANDA.·
3294 815 3299 818 ,
3328 747 3363 808 ς
3397 773 3421 818 ..,
3556 811 3565 816 ‚
3617 809 3631 818 ,
3758 736 3809 803 ,-

1265 933 1619 1136 QTEM
1683 1034 2038 1097 statutum
2080 1035 2191 1096 est
2228 1015 2429 1120 quod
2468 977 2710 1120 aliqua
2747 1041 3063 1119 persona
3117 1041 3274 1095 non
3330 1016 3567 1119 possit
3623 1015 3945 1098 incidere
4003 1016 4323 1129 scaluare

1139 1176 1529 1256 aranchare
1586 1194 1709 1255 aut
1757 1140 2021 1280 ⁴capere
2078 1173 2399 1279 aliquam
2454 1174 2794 1254 arborem
2853 1172 3348 1295 domesticam
3388 1172 3705 1254 alienam
3744 1175 3821 1253 in
3859 1147 4111 1288 aliquo
4148 1173 4323 1256 loco
4384 1168 4389 1173 ’

1140 1335 1218 1414 in
1270 1333 1419 1414 fine
1476 1334 1929 1414 baennarum
1988 1351 2062 1413 et
2115 1331 2646 1413 iurisdictione.
2688 1330 3035 1413 uidelicet
3072 1332 3208 1436 piri
3257 1331 3504 1436 'rneyle
3543 1332 3678 1439 (1)
3716 1352 4055 1454 castanee
4113 1336 4322 1415 nucis

1139 1491 1326 1572 ficus
1378 1493 1665 1596 persici.
1724 1479 1955 1571 xorbe
2012 1510 2086 1571 et
2143 1491 2369 1571 etiam
2453 1489 2716 1570 salicis.
2798 1489 2986 1569 ulmi
3044 1508 3117 1569 et
3174 1490 3396 1594 piobe
3461 1489 3625 1570 albe
3681 1492 3816 1597 (2)
3872 1510 3947 1572 et
3999 1492 4189 1572 ruris
4240 1511 4317 1572 et

1144 1650 1370 1729 etiam
1424 1648 1731 1730 alicuius
1784 1648 2083 1744 alterius
2139 1649 2434 1752 generis
2486 1650 2769 1729 arboris
2825 1647 3220 1729 domestici
3277 1646 3590 1728 alleuate
3649 1675 3779 1728 seu
3832 1648 4181 1755 plantate.
4234 1651 4326 1730 Et

1142 1833 1455 1912 persona
1495 1834 1637 1911 que
1676 1805 2189 1887 contrafecerit
2228 1805 2472 1887 soluat
2508 1834 2646 1911 pro
2682 1833 2873 1912 pena
2927 1832 3063 1911 pro
3118 1805 3444 1910 qualibet
3499 1807 3661 1885 uice
3717 1805 4004 1888 solidos
4042 1836 4091 1886 x
4128 1808 4325 1887 curie

1147 1985 1220 2045 et
1274 1964 1593 2046 totidem
1650 1992 1786 2070 pro
1844 1964 2158 2046 emenda
2214 1992 2435 2070 passo
2491 1964 2925 2070 dampnum.
2986 1984 3059 2045 et
3114 1964 3438 2070 quelibet
3491 1991 3806 2070 persona
3861 1966 4099 2071 possit
4153 1965 4325 2046 inde

1144 2150 1482 2204 accusare
1537 2142 1692 2203 tam
1748 2124 1841 2203 de
1899 2150 2038 2204 suo
2095 2123 2425 2228 dampno
2464 2151 2689 2228 quam
2725 2123 2819 2204 de
2857 2122 3126 2204 alieno.
3170 2142 3436 2203 ettam
3490 2122 3885 2204 familiares
3937 2126 4328 2230 potestatis

1143 2310 1366 2388 quam
1423 2281 1563 2362 alia
1627 2309 2093 2388 quecumque
2175 2309 2490 2387 persona
2549 2300 2622 2362 et
2679 2283 2786 2363 eis
2840 2301 2914 2362 et
2971 2281 3271 2362 cuilibet
3352 2282 3673 2388 ipsarum
3758 2282 4091 2362 credatur
4156 2310 4327 2363 cum

1143 2442 1589 2522 iurament0.
1650 2461 1722 2523 et
1777 2443 2042 2522 habeat
2098 2442 2394 2522 tertiam
2467 2461 2752 2546 partem
2809 2441 3031 2521 banni
3089 2457 3163 2521 et
3218 2440 3445 2520 etiam
3500 2459 3836 2520 teneatur
3887 2441 4193 2547 priuata.
4255 2459 4329 2520 et

1143 2618 1473 2705 potestas
1527 2601 1764 2704 possit
1819 2599 1991 2680 inde
2048 2581 2433 2705 inquirere
2468 2598 2560 2679 ad
2620 2611 2831 2680 suam
2878 2597 3348 2679 uoluntatem
3404 2616 3479 2677 et
3538 2595 4151 2679 contrafacientes
4204 2626 4330 2704 pu·

1089 2857 1094 2862 ι
1144 2760 1302 2839 nire
1330 2779 1412 2838 ut
1442 2786 1656 2863 supra
1685 2777 1795 2840 est
1825 2758 2107 2839 dictum
2163 2758 2413 2863 aliquo
2451 2756 2776 2863 capitulo
2814 2785 2970 2839 non
3011 2759 3377 2838 obstante.
3411 2757 3504 2837 Et
3532 2757 3734 2863 quod
3763 2775 4097 2863 potestas
4133 2778 4330 2839 tem-

1144 2946 1326 3025 pore
1365 2918 1803 3000 sacramenti
1841 2916 2135 3023 sequele
2173 2935 2507 2997 teneatur
2545 2914 2781 2996 facere
2820 2918 3052 2996 iurare
3091 2914 3498 3022 quemlibet
3535 2915 3927 2996 hominem
3965 2917 4330 2996 iurantem

1149 3074 1526 3181 sequelam
1581 3103 1738 3156 non
1794 3076 2027 3155 facere
2084 3093 2342 3155 contra
2403 3073 2730 3180 predicta
2785 3073 2905 3153 uel
2961 3073 3235 3179 aliquid
3300 3073 3804 3179 predictorum
3860 3092 3934 3153 et
3989 3101 4327 3172 accusare

1147 3261 1694 3341 quamcumque
1748 3260 2147 3340 personam
2203 3231 2857 3314 contrafacientem
2897 3260 3121 3338 quam
3180 3232 3449 3313 uiderit
3507 3260 3637 3314 seu
3694 3233 3988 3314 sciuerit
4044 3253 4329 3314 contra-

1148 3393 1568 3476 facientem
1599 3394 1676 3474 in
1729 3392 2078 3500 predictis
2130 3391 2252 3473 u‘el
2307 3376 2583 3496 aliquo*
2614 3391 3144 3497 predictorum.

1055 3755 1062 3762 ’
1145 3746 1368 3916 DE
1423 3825 2005 3912 HoMINrBUs
2058 3825 2586 3912 momnis
2639 3828 2783 3909 AD
2836 3792 3594 3924 DESIGNANDUM
3645 3828 4218 3915 BEALERmS.

1271 4043 1626 4249 ffl‘rffl
1684 4101 2039 4211 statutum
2098 4150 2210 4211 est
2264 4129 2471 4234 quod
2529 4095 2899 4236 eligantur
2979 4093 3743 4237 tres'shominesfper
3770 4099 4337 4250 jelectores'co-

1150 4291 1422 4371 munis.
1480 4291 1628 4395 qui,
1661 4309 1812 4369 tres
1868 4266 2083 4369 electi
2138 4308 2525 4369 teneantur
2582 4308 2655 4370 et
2711 4283 3058 4370 debeant
3085 4275 3477 4394 designare
3538 4251 3886 4372 bealerias
3938 4275 4067 4397 per
4121 4311 4325 4397 prata

1148 4442 1338 4522 riuolie
1415 4447 1550 4556 (3)
1606 4447 1788 4528 latas
1839 4475 1969 4554 per
2021 4474 2284 4527 unum·
2320 4474 2605 4528 rassum
2659 4475 2787 4552 per
2842 4474 3025 4553 quas
3079 4450 3317 4554 possit
3389 4448 3557 4529 duci
3612 4478 3799 4556 aqua
3875 4420 4326 4558 ὺεῑεὶἰέα)

1153 4634 1369 4690 causa
1422 4605 1740 4712 aquandi
1792 4624 1995 4712 prata
2050 4606 2142 4686 ad
2201 4607 2640 4686 instanciam
2695 4604 3085 4686 cuiuslibet
3165 4633 3483 4713 persone
3539 4607 3686 4690 hoc
3741 4561 4201 4715 requirentis.
4262 4628 4336 4689 et

1152 4765 1476 4848 uolentis
1530 4763 1807 4845 dictam
1849 4761 2129 4870 'aquam
2183 4765 2275 4846 ad
2332 4764 2636 4870 aliquod
2675 4765 2847 4868 eius,
2870 4783 3162 4870 pratum
3218 4765 3486 4846 ducere
3543 4769 3887 4872 expensis
3941 4768 4138 4849 dicte
4177 4795 4332 4873 per-

1156 4954 1340 5008 sone
1396 4927 1544 5006 hoc
1598 4924 2057 5030 requirentis.
2117 4923 2161 4962 ⁴⁶

2216 4943 2291 5004 et
2343 4923 2772 5011 dummodo
2809 4923 2957 5004 hoc
2993 4923 3123 5006 fiat
3178 4924 3270 5005 ad
3326 4924 3791 5006 uoluntatem
3849 4926 4141 5008 domini
4180 4929 4338 5033 epi-

1156 5086 1362 5191 scopi
1393 5085 1459 5163 *.
1500 5082 1637 5193 (5)
1690 5083 1784 5164 Et
1825 5082 2028 5189 quod
2064 5082 2242 5163 dicti
2282 5100 2430 5164 tres
2469 5084 2836 5188 sapientes
2873 5082 3191 5164 habeant
3227 5082 3527 5190 plenam
3563 5083 3886 5188 bayliam
3924 5103 3997 5164 et
4032 5083 4339 5190 plenum

1155 5270 1375 5350 posse
1431 5242 1876 5348 designandi
1933 5260 2005 5322 et
2058 5241 2217 5322 fieri
2273 5240 2589 5326 faciendi
2628 5241 2863 5324 dictas
2899 5241 3254 5323 bealerias
3303 5261 3524 5348 prout
3580 5244 3687 5323 eis
3739 5241 4109 5323 uidebitur
4164 5270 4339 5324 con·

1153 5403 1464 5482 ueniens
1533 5428 1662 5507 per
1733 5401 2258 5507 quodcumque
2339 5420 2632 5507 pratum
2711 5419 2906 5475 riuorie
2998 5401 3156 5481 sine
3226 5400 3520 5482 licentia
3602 5420 3677 5483 et
3749 5401 4336 5483 contradictione

1155 5586 1472 5666 persone
1530 5586 1659 5640 seu
1694 5585 2175 5665 personarum
2233 5559 2440 5639 cuius
2475 5558 2598 5640 uel
2635 5587 2954 5665 quorum
3012 5560 3158 5639 sint
3210 5578 3502 5665 pratum
3556 5558 3678 5640 uel
3713 5579 3937 5665 prata,
3972 5586 4101 5665 per
4137 5559 4339 5665 quod
