5117 6834
2145 362 2567 468 XXXV

375 793 405 846 1
421 770 522 847 60
759 679 984 849 DE
1039 761 1286 846 IGNE
1340 763 1473 846 FU
1474 762 1784 848 RTIUE
1838 763 2229 849 POSITO
2282 765 2395 848 IN
2447 765 2849 851 ALIENIS
2901 767 3252 852 REBUS.

880 976 1240 1182 ‘Qum
1305 1097 1665 1160 statutum
1731 1098 1844 1160 est
1916 1080 2121 1185 quod
2178 1080 2241 1161 si
2295 1079 2514 1161 alicui
2572 1080 2664 1160 de
2722 1081 3030 1162 baennis
3082 1079 3348 1161 fimiue
3404 1080 3964 1162 combureretur

761 1235 1018 1317 fenum
1083 1238 1353 1319 messis
1414 1237 1537 1318 uel
1600 1256 1885 1318 tectum
1946 1302 1961 1320 .
2022 1238 2462 1320 emendetur
2524 1240 2593 1320 ei
2649 1268 2691 1320 a
2760 1240 3092 1321 comuni.
3159 1267 3392 1345 usque
3461 1240 3554 1319 ad
3619 1242 3964 1319 mensem

761 1423 999 1477 unum
1064 1415 1469 1502 postquam
1532 1396 1963 1478 combustio
2027 1396 2224 1478 facta.
2283 1397 2499 1479 fuerit
2560 1398 2606 1438 ³⁶
2659 1433 2724 1484 et
2776 1418 2831 1484 si
2883 1399 2927 1439 '⁶
2982 1398 3138 1507 (1)
3173 1417 3369 1479 esset
3423 1425 3552 1504 per
3615 1424 3963 1502 guerram

762 1555 1215 1679 generalem.
1293 1556 1703 1637 secundum
1777 1556 1981 1662 quod
2053 1557 2427 1637 uidebitur
2480 1584 2584 1638 1111
2655 1558 3094 1638 hominibus
3146 1558 3240 1637 ad
3295 1558 3443 1638 hoc
3500 1555 3777 1636 electis.
3835 1557 3963 1660 qui

761 1713 988 1795 nichil
1060 1715 1421 1795 attineant
1492 1742 1714 1820 passo
1788 1715 2226 1820 dampnum.
2303 1716 2397 1796 Et
2454 1703 2514 1796 s'i
2581 1716 3190 1809 comburerentur
3244 1743 3287 1794 a
3341 1715 3575 1795 tribus
3629 1715 3964 1819 superius

762 1901 1086 1955 comune
1144 1901 1301 1982 non
1356 1892 1693 1955 teneatur
1748 1873 2171 1955 emendare.
2258 1875 2353 1955 Et
2434 1875 2582 1955 hoc
2665 1902 2823 1956 non
2875 1876 3117 1980 possit
3171 1874 3544 1955 remoueri
3600 1872 3963 1954 conscilio

761 2033 882 2115 uel
939 2034 1090 2116 alio
1144 2033 1410 2116 mod0.
1467 2036 1563 2115 Et
1618 2036 1744 2140 qui
1798 2036 2190 2141 possuerit.
2225 2035 2487 2139 ignem
2526 2036 2793 2116 furtiue
2830 2037 2907 2116 in
2942 2035 3294 2143 predictis
3340 2030 3963 2137 comdempnetur

757 2193 851 2275 ad
908 2212 1262 2274 mortem.
1318 2194 1413 2287 Et
1468 2193 1530 2273 si
1582 2220 1713 2300 per
1768 2192 2482 2299 simplicitatembel
2520 2195 2981 2300 impericiam
3020 2158 3281 2297 ignem
3317 2210 3656 2300 poneret.
3716 2190 3962 2270 soluat

758 2380 895 2459 pro
949 2380 1141 2459 pena
1196 2353 1487 2434 solidos
1521 2380 1646 2435 Lx.
1706 2372 1781 2434 et
1835 2355 2170 2434 minores
2204 2381 2308 2434 vn
2343 2380 2715 2434 annorum
2753 2353 2846 2434 de
2894 2353 3090 2433 dicta
3124 2379 3315 2458 pena
3350 2378 3508 2432 non
3546 2370 3958 2431 teneantur.

760 2512 997 2609 Quod
1054 2512 1458 2617 capitulum
1540 2512 1797 2593 locum
1879 2539 2038 2593 non
2118 2511 2387 2593 habeat
2468 2512 2612 2592 nisi
2685 2513 2763 2592 in
2837 2511 3200 2592 incendiis
3253 2509 3465 2591 factis
3519 2508 3964 2611 ¹hominibus

756 2676 1234 2753 baennarum.
1294 2691 1366 2752 et
1423 2671 1915 2752 morantibus
1975 2690 2049 2752 et
2105 2670 2575 2752 soluentibus
2632 2670 2731 2751 ibi
2788 2670 3002 2750 talias
3057 2688 3132 2750 et
3186 2668 3397 2750 fodra
3451 2695 3590 2774 pro
3650 2668 3958 2747 comuni

758 2830 935 2911 dicti
992 2831 1164 2911 loci.
1223 2806 1299 2911 et
1352 2830 1791 2912 facientibus
1825 2831 2063 2935 parias
2119 2849 2191 2910 et
2248 2830 2737 2911 condiciones
2792 2828 2940 2909 loci
2998 2828 3359 2908 eiusdem.
3402 2845 3477 2907 et
3524 2826 3961 2929 emendetur

759 2991 1169 3096 dampnum
1225 2989 1331 3071 illi
1387 2989 1508 3071 uel
1566 2988 1711 3071 illis
1765 2991 1883 3071 cui
1938 2989 2061 3071 uel
2116 2991 2385 3095 quibus
2440 2990 2725 3069 dictum
2807 2976 3266 3068 incendium'
3320 2987 3477 3067 siue
3549 2985 3960 3090 dampnum

757 3148 1015 3229 fuisset
1069 3149 1328 3229 datum
1383 3149 1460 3229 in
1517 3148 1775 3254 duplo.
1834 3148 2247 3230 secundum
2304 3148 2882 3228 extimationem
2939 3145 3113 3225 inde
3168 3108 3462 3225 factam.
3550 3143 3961 3223 secundum

758 3306 1077 3389 formam
1136 3307 1433 3414 capituli
1504 3307 1838 3414 predicti.
1910 3335 2040 3413 per
2112 3304 2325 3387 illum
2388 3306 2510 3386 uel
2579 3304 2753 3387 illos
2816 3306 2942 3410 qui
3007 3306 3293 3385 dictum
3358 3304 3815 3409 dampnum
3844 3302 3968 3381 de·

756 3466 1011 3549 disset.
1069 3466 1190 3546 uel
1255 3466 1410 3547 dari
1475 3466 1794 3547 fecisset.
1864 3485 1938 3546 et
2002 3467 2064 3547 si
2119 3466 2415 3572 reperiri
2446 3465 2753 3570 poterit
2815 3465 2942 3570 qui
3007 3444 3324 3544 dictum
3365 3446 3775 3566 dampnum
3845 3460 3967 3540 de·

753 3627 944 3707 derit
1013 3626 1136 3706 uel
1210 3626 1366 3707 dari
1438 3626 1715 3708 fecerit.
1793 3645 1868 3707 et
1932 3653 2092 3706 non
2164 3652 2294 3731 per
2369 3652 2721 3706 comune.
2800 3642 2875 3704 et
2948 3624 3097 3704 hoc
3170 3620 3662 3737 intelligatur--
3707 3621 3800 3699 si
3842 3619 3965 3698 ha-

752 3787 991 3867 buerit
1045 3787 1242 3867 unde
1297 3748 1556 3892 posset
1611 3785 2031 3866 emendare.
2119 3783 2451 3889 alioquin
2536 3783 2978 3864 emendetur
3033 3811 3074 3862 a
3130 3781 3439 3863 comuni
3507 3782 3963 3859 baennarum

753 3946 1162 4050 dampnum
1218 3945 1635 4050 predictum
1693 3944 1853 4024 sine
1911 3943 2164 4049 duplo.

355 4392 385 4445 1
404 4370 497 4446 61
727 4286 953 4453 DE
1007 4369 1293 4452 BOUE
1359 4368 1709 4452 ALICUI
1779 4367 2511 4496 SCARRATATO.
2567 4364 2702 4472 (2)
2767 4367 2908 4450 ET
2955 4368 3100 4451 DE
3149 4367 3490 4451 UINEIS
3540 4363 3951 4450 INCISSIS

474 4516 484 4525 ’
1043 4529 1181 4611 ΕΤ
1235 4528 1621 4613 UASTIS.
3054 4521 3062 4528 ⁹

869 4871 934 4929 f
965 4889 1030 4936 ς
1067 4872 1225 4926 TEM
1278 4863 1639 4926 statutum
1705 4863 1818 4926 est
1860 4844 2084 4950 -quod
2136 4845 2195 4925 si
2252 4843 2472 4924 alicui
2507 4841 2869 4923 habitanti
2909 4841 2985 4920 in
3026 4840 3333 4919 baennis
3371 4856 3955 4943 sgarratarentur

746 5003 870 5084 uel
928 5004 1513 5086 interficerentur
1566 5003 1688 5084 uel
1743 5022 2204 5085 uastarentur
2261 5006 2400 5084 bos
2457 5001 2579 5083 uel
2635 5001 2898 5082 boues.
2985 5026 3219 5106 equus
3273 4997 3394 5078 uel
3452 4998 3643 5102 equi.
3705 4994 3956 5075 mulus

747 5163 867 5243 uel
923 5163 1148 5244 mula.
1207 5164 1459 5244 asinus
1513 5164 1634 5244 uel
1690 5164 1893 5243 asina
1951 5142 2442 5247 emendentur
2497 5163 2568 5242 ei
2623 5190 2665 5242 a
2719 5160 3024 5242 comuni
3065 5161 3539 5239 baennarum.
3584 5182 3815 5260 usque
3856 5153 3949 5233 ad

746 5350 978 5403 unum
1035 5350 1378 5404 mensem
1431 5341 1834 5428 postquam
1872 5321 2149 5402 factum
2204 5318 2442 5401 fuerit.
2502 5321 2598 5400 Et
2653 5319 2798 5399 hoc
2855 5346 3011 5399 non
3067 5317 3307 5422 possit
3343 5314 3714 5395 remoueri
3775 5339 3949 5392 con-

746 5481 958 5562 scilio
1017 5481 1139 5562 uel
1193 5482 1345 5563 alio
1401 5481 1663 5563 mod0.
1726 5499 1800 5562 et
1856 5481 1980 5587 qui
2035 5479 2451 5585 predictum
2507 5478 2920 5583 dampnum
2975 5474 3228 5556 fecerit
3284 5473 3529 5556 soluat
3566 5499 3702 5579 pro
3758 5499 3948 5577 pena

745 5637 965 5720 libras
1019 5669 1067 5720 x
1125 5659 1199 5721 et
1256 5640 1606 5721 emendet
1661 5640 2094 5745 dampnum.
2156 5657 2230 5718 et
2283 5666 2422 5743 pro
2477 5636 2643 5718 aliis
2714 5635 2971 5716 bestiis
3052 5635 3361 5714 minutis
3425 5631 3714 5714 solidos
3767 5661 3816 5710 v
3873 5649 3947 5710 et
