5117 6834
350 2087 453 2182 96

318 4828 465 4933 ‚97

2172 244 2431 345 XXI

713 558 955 662 aliqua
993 584 1309 661 persona
1354 575 1702 637 ‘accusata
1738 583 1867 660 per
1903 554 2228 660 aliquem
2284 555 2658 635 dictorum
2713 556 3139 653 custodum,
3168 557 3627 661 priuatorum
3683 556 3804 637 uel
3843 558 3919 637 in

717 714 1041 795 formam
1099 714 1432 795 custodis
1486 714 1750 819 priuati
1805 715 2267 818 requisiuerit
2333 714 2578 817 ipsum
2643 732 3095 823 potestatem
3160 713 3282 794 uel
3346 715 3509 795 eius
3564 714 3919 796 locumte-

711 891 1019 953 nentem
1076 872 1279 977 quod
1320 871 1536 952 faciat
1590 870 2042 987 compellere
2098 899 2352 952 coram
2392 899 2486 952 eo
2527 870 2739 951 illum
2779 872 2902 977 qui
2942 871 3215 952 dictam
3265 899 3605 953 accusam
3644 872 3918 953 fecerit.

715 1029 958 1110 dictus
1019 1049 1352 1136 potestas
1414 1030 1536 1111 uel
1604 1031 1762 1145 eius
1825 1029 2348 1147 locumtenens
2417 1048 2754 1109 teneatur
2809 1030 2955 1131 hoc
3011 1032 3270 1110 iacere.
3339 1049 3412 1110 et
3479 1031 3645 1134 ipso
3707 1058 3920 1110 accu-
4018 1104 4042 1112 -

717 1214 961 1273 satore
1018 1190 1094 1268 in
1152 1190 1312 1269 eius
1365 1189 1733 1293 presentia
1789 1189 2201 1269 constituto
2259 1207 2546 1305 secreto
2602 1206 2939 1268 teneatur
2992 1189 3350 1292 inspicere
3407 1189 3483 1266 in
3532 1189 3804 1293 scripto
3844 1189 3919 1267 in

719 1375 873 1453 quo
932 1365 1145 1429 erunt
1201 1347 1465 1451 scripta
1522 1346 1834 1425 nomina
1891 1346 2265 1425 dictorum
2322 1346 2724 1426 custodum
2778 1347 3237 1452 priuatorum
3295 1347 3356 1425 si
3414 1345 3656 1425 dictus
3718 1373 3923 1425 accu-

721 1524 923 1588 sator
978 1524 1091 1586 est
1158 1504 1251 1585 de
1307 1531 1626 1583 numero
1695 1503 2092 1583 custodum
2159 1503 2620 1607 priuatorum
2694 1502 2814 1582 uel
2874 1530 3055 1583 non.
3116 1476 3269 1608 quo
3325 1501 3521 1583 facto
3592 1521 3923 1607 potestas

719 1658 1056 1745 teneatur
1112 1663 1286 1744 inde
1345 1662 1587 1743 dicere
1642 1663 2032 1743 ueritatem
2088 1689 2405 1766 persone
2463 1656 2823 1741 accusate.

716 2012 941 2177 DE
997 2088 1557 2172 CONSCILIO
1615 2087 1751 2167 ET
1806 2086 2327 2187 CONSCILIJ
2393 2082 2721 2167 MODO
2778 2083 2915 2164 ET
2969 2084 3102 2164 DE
3159 2081 3906 2182 CONSCILIARIJS

1031 2249 1269 2332 NON
1329 2245 1979 2328 UENENTIBUS
2042 2245 2187 2325 AD
2252 2242 2913 2324 CONSCILIUM.

861 2481 1028 2611 QZ,
2362 2559 2374 2571 ·
2417 2560 2429 2571 ·
3195 2558 3209 2571 ·
3518 2542 3524 2549 ’
3815 2513 3818 2517 ⁴

857 2497 1204 2660 ξ’·ιΙιηῖΤΕΜ
1273 2577 1632 2638 statutum
1691 2578 1801 2637 est
1857 2558 2059 2663 qUOd
2127 2556 2568 2636 consclllum
2635 2559 3085 2636 baessl'larum
3152 2575 3246 2636 Slt
3303 2576 3377 2638 Εἴ
3432 2584 3593 2638 eSSe
3660 2557 3924 2638 debeat

731 2717 823 2798 de
881 2744 979 2797 Lx
1038 2716 1470 2794 hominibus
1526 2714 1660 2822 (1)
1718 2717 2168 2793 baennarum
2226 2715 2327 2793 ita
2391 2713 2596 2818 quod
2638 2715 2710 2793 in
2750 2715 2952 2795 dicto
3009 2696 3372 2796 conscilio
3427 2744 3581 2796 non
3640 2717 3931 2821 possint

731 2900 892 2954 esse
938 2873 1182 2979 plures
1239 2872 1357 2952 uel
1413 2874 1798 2977 pauciores
1854 2873 2259 2977 quantitate
2317 2872 2641 2977 predicta
2694 2900 2796 2954 Lx
2852 2893 2925 2953 et
2979 2873 3287 2979 quilibet
3343 2901 3433 2955 ex
3482 2874 3700 2955 dictis
3755 2900 3930 2953 con-

732 3032 1020 3135 siliarijs
1082 3034 1207 3137 qui
1274 3059 1430 3110 non
1496 3032 1781 3110 ueniret
1846 3030 1937 3109 ad
2004 3030 2442 3111 conscilium
2498 3048 2898 3136 antequam
2965 3027 3325 3138 potestas
3358 3033 3610 3113 iecerit
3664 3056 3933 3136 propo-

740 3192 880 3271 sita
914 3191 957 3229 ὕ
994 3190 1130 3295 (2)
1189 3191 1264 3268 in
1322 3188 1685 3269 conscilio
1745 3208 1820 3269 et
1871 3209 2134 3294 postea
2190 3218 2268 3270 se
2325 3191 2808 3270 assentauerit
2864 3190 3106 3271 soluat
3160 3218 3297 3296 pro
3351 3201 3541 3297 pena
3606 3190 3931 3295 qualibet

732 3350 895 3428 uice
962 3348 1309 3427 denarios
1384 3374 1460 3426 vl
1526 3366 1599 3426 et
1665 3348 1726 3426 si
1808 3349 2366 3452 preconizatum
2449 3347 2665 3429 fuerit
2753 3347 3036 3427 dictum
3111 3348 3550 3429 conscilium
3623 3348 3933 3455 quilibet

731 3506 1108 3586 dictorum
1165 3504 1800 3585 consciliariorum
1858 3506 1983 3610 qui
2023 3531 2211 3584 non.
2240 3506 2521 3584 uenerit
2550 3504 2642 3584 ad
2674 3506 2957 3585 dictum
3014 3505 3452 3586 conscilium
3507 3506 3764 3586 datum
3812 3505 3935 3587 uel

731 3666 1293 3768 preconizatum
1335 3662 1746 3742 secundum
1785 3681 2145 3767 quantum
2185 3661 2685 3766 supradictum
2726 3680 2836 3742 est
2875 3662 3117 3743 soluat
3152 3690 3289 3768 pro
3323 3690 3514 3769 pena
3551 3664 3931 3745 solidum1

738 3824 1045 3929 quocies
1082 3819 1614 3902 contrafecerit.
1654 3821 1748 3900 Et
1784 3820 2109 3925 predicta
2147 3818 2654 3923 intelligantur
2693 3819 3084 3900 obseruare
3121 3819 3389 3900 debere
3420 3822 3480 3901 si
3518 3822 3933 3902 audiuerint

734 3981 1004 4087 pulsari
1061 3980 1345 4060 dictum
1385 3979 1783 4063 consilium
1821 3978 1942 4059 uel
1982 3980 2436 4083 preconizari
2478 3996 2552 4057 et
2592 3980 2652 4058 si
2683 3976 2949 4060 fuerint
2988 3980 3177 4058 intra
3214 3976 3469 4057 uillam
3506 3979 3628 4058 uel
3664 3977 3934 4083 ayralia

739 4141 1211 4218 baennarum.
1261 4165 1418 4218 non
1457 4157 1846 4218 teneantur
1884 4137 2216 4240 alioquin
2263 4136 2356 4217 de
2411 4163 2625 4241 pena.
2667 4136 2759 4216 de
2798 4136 3063 4240 quibus
3115 4136 3471 4216 omnibus
3509 4155 3577 4217 et
3621 4136 3936 4241 singulis

735 4297 1067 4377 credatur
1107 4296 1404 4376 cuilibet
1441 4296 1815 4374 dictorum
1854 4292 2487 4375 consciliariorum
2526 4293 2701 4372 inde
2738 4293 3110 4398 inculpato
3138 4294 3231 4374 ad
3270 4295 3383 4376 sui
3420 4278 3936 4375 defensionem

737 4455 1155 4534 iuramento
1214 4481 1377 4534 suo,
1419 4472 1492 4533 et
1530 4455 1674 4534 hoc
1732 4482 1887 4533 non
1943 4454 2180 4557 possit
2234 4452 2606 4532 remoueri
2664 4450 3023 4532 conscilio
3078 4452 3199 4532 uel
3253 4451 3403 4532 alio
3458 4452 3721 4533 modo.

732 4790 955 4957 DE
1008 4867 1624 4951 POTESTATE
1679 4868 2146 4951 uoLENTI
2200 4868 2362 4953 IRE
2416 4867 2772 4954 EXTRA
2825 4847 3238 4951 UILLAM.

875 5104 894 5168 .’·’
921 5113 936 5157 2·
968 5111 1042 5168 Ab?

872 5171 936 5278 {fl
966 5161 1030 5283 ξ
1058 5220 1215 5272 TEM
1284 5213 1642 5273 statutum
1710 5209 1822 5271 est
1895 5190 2098 5295 quod
2174 5192 2234 5270 si
2304 5210 2635 5296 potestas
2701 5191 2915 5270 iuerit
2979 5188 3100 5268 uel
3165 5190 3267 5268 ire
3340 5187 3660 5267 uoluerit
3734 5205 3937 5267 extra

740 5351 997 5461 uillam
1051 5355 1508 5432 baennarum
1564 5350 1658 5430 ad
1695 5349 1922 5430 aliam
1974 5368 2245 5429 terram
2284 5348 2403 5428 uel
2442 5347 2699 5428 locum
2753 5364 3089 5427 teneatur
3136 5364 3209 5425 et
3244 5345 3510 5425 debeat
3564 5344 3936 5425 dimittere

743 5509 918 5590 loco
957 5511 1067 5593 sui
1106 5538 1288 5591 cum·
1335 5510 1723 5590 uoluntate
1764 5527 1837 5587 et
1875 5533 2246 5587 consensu
2303 5504 2630 5608 conscilij
2691 5504 3142 5584 baennarum
3216 5502 3335 5583 uel
3372 5502 3677 5581 maioris
3712 5501 3937 5604 pastis
4016 5548 4020 5553 ·

964 5723 1007 5797 6
