5117 6834
2138 364 2522 466 LVIIII

765 685 1023 796 ‘'1525ss
1086 697 1194 765 ec
1263 683 1483 774 sunt
1557 660 1958 800 capitula
2049 684 2140 766 et
2224 661 2886 767 ordinamenta
2976 661 3211 768 facta
3295 682 3767 802 tempore
3811 662 3983 769 do-

764 812 796 869 ³
845 825 949 937 ²³⁸²?
1000 824 1029 909 3
1087 836 1321 938 mini
1395 836 1746 940 henrici
1820 835 1938 941 de
2010 834 2457 941 montilio
2535 839 3021 975 potestatis
3092 837 3709 943 baennarum.
3816 875 3980 977 per

804 1028 1266 1164 sapientes
1339 1027 1457 1132 ad
1529 1029 1720 1133 hoc
1804 1026 2181 1134 electos,
2262 1066 2315 1132 a
2388 1026 2841 1134 conscilio
2929 1028 3541 1134 baennarum.
3637 1028 3982 1135 scilicet

801 1256 967 1358 per
1037 1217 1588 1324 villermum
1663 1244 2057 1360 spatam.
2136 1258 2694 1326 ansermum
2777 1258 3271 1361 aragnum.
3340 1221 3977 1327 francischum

801 1410 1371 1516 barberium.
1453 1412 1952 1519 henricum
2026 1412 2558 1518 carnaliam.
2643 1415 3026 1517 minum
3099 1415 3513 1552 nigrum.
3606 1413 3982 1519 arditio-

802 1639 1032 1708 nem
1104 1603 1658 1712 bealecium.
1741 1606 2262 1712 iohannem
2335 1629 2966 1710 manesetum.
3082 1607 3580 1711 henricum
3664 1606 3979 1711 burdi-

804 1797 1093 1900 cium.
1176 1821 1266 1903 et
1340 1797 1790 1903 obertum
1865 1799 1983 1904 de
2057 1797 2325 1904 colia.
2435 1796 3092 1938 capitulatores
3192 1799 3411 1903 dicti
3503 1801 3976 1904 comunis,

807 2011 897 2093 et
947 1988 1512 2094 confirmata
1563 2028 1728 2130 per
1795 1993 2311 2097 dominum
2352 1991 2851 2097 oddonem
2925 1992 3044 2097 de
3117 1994 3448 2126 riparia
3521 1994 3981 2097 vicarium

806 2183 1298 2286 reuerendi
1334 2185 1621 2322 patris
1660 2184 2032 2289 domini
2054 2184 2543 2294 Guidonis
2573 2184 2722 2288 dei
2752 2187 3042 2323 gratia
3079 2186 3521 2325 Episcopi
3559 2188 3975 2290 astensis.

806 2371 984 2477 sub
1057 2411 1313 2480 anno
1388 2376 1758 2482 domini
1832 2375 2350 2482 millesimo
2426 2379 2709 2482 CCC
2779 2380 3108 2483 VIIII.
3187 2351 3699 2485 Indicione
3748 2380 3976 2484 VII.

417 2897 457 3040 ὲ
476 2988 558 3065 53
773 2884 997 3047 DE
1053 2961 1247 3043 ΗΠΒ
1283 2962 1473 3058 QUI
1509 2962 1989 3045 POSSUNT
2026 2959 2639 3043 UINDIMIARE
2674 2961 2819 3040 AD
2858 2959 3143 3040 SUAM
3182 2956 3946 3038 UOLUNTATEM.

898 3181 1086 3381 ἒξ
1125 3310 1282 3364 TEM
1337 3301 1696 3364 statutum
1736 3304 1848 3364 est
1885 3282 2116 3390 quod‘
2146 3279 2496 3389 quelibet*
2523 3311 2842 3389 persona
2898 3284 3180 3364 habens
3232 3286 3488 3364 uineas
3538 3286 3615 3365 in
3653 3285 3987 3367 districtu

809 3441 1258 3521 baennarum
1312 3442 1551 3546 possit
1604 3440 2042 3521 uindimiare
2099 3459 2175 3521 et
2228 3441 2462 3522 facere
2544 3442 2965 3522 uindimiari
3042 3469 3211 3523 suas
3264 3469 3447 3522 uuas
3504 3443 3850 3525 blanchas
3915 3465 3988 3525 et

809 3598 1194 3679 marcidas
1254 3617 1328 3679 et
1383 3599 1608 3678 etiam
1665 3626 1807 3705 que
1863 3599 2179 3679 marzari
2234 3599 2612 3705 incipient.
2667 3626 2796 3704 per
2851 3626 2952 3680 xv
3009 3600 3170 3679 dies
3222 3619 3391 3680 ante
3430 3599 3701 3682 festum
3758 3603 3988 3682 sancti

809 3755 1194 3836 michaelis
1248 3757 1406 3836 sine
1459 3783 1650 3861 pena
1732 3776 1806 3836 et
1881 3759 2155 3836 bann0.
2231 3755 2694 3837 notificando
2768 3775 3022 3837 tamen
3093 3757 3445 3837 omnibus
3518 3760 3991 3839 consortibus

809 3916 1026 3994 uinee
1082 3916 1159 3995 in
1214 3942 1356 4019 qua
1438 3913 2069 3995 uindimiabuntur
2140 3941 2282 3994 uue
2355 3915 2680 4020 predicte
2764 3918 2898 3994 sub
2961 3942 3149 4019 pena
3232 3914 3647 3995 solidorum
3720 3943 3818 3997 111.
3896 3917 3989 3998 Et

811 4072 1135 4180 quelibet
1187 4100 1505 4178 persona
1543 4099 1684 4178 que
1722 4071 2110 4177 colligeret
2147 4072 2266 4152 uel
2306 4070 2566 4176 colligi
2623 4073 2889 4152 laceret
2925 4071 3102 4151 alias
3140 4099 3322 4151 uuas
3358 4100 3581 4178 quam
3625 4073 3990 4178 predictas

812 4230 1156 4312 eamdem
1208 4257 1481 4336 penam
1537 4229 1945 4310 substineat
1998 4256 2133 4334 pro
2190 4227 2513 4335 qualibet
2548 4256 2866 4334 persona
2902 4228 3480 4336 ‚contrafaciente
3539 4249 3612 4310 et
3667 4231 3990 4336 qualibet

812 4390 997 4468 uice.
1056 4390 1150 4468 Et
1204 4390 1263 4468 si
1322 4416 1466 4493 qua
1519 4415 1837 4493 persona
1894 4415 1986 4468 ex
2042 4386 2260 4467 dictis
2331 4373 2981 4468 uindimiatoribus
3064 4389 3440 4468 intrauerit
3497 4414 3592 4468 eo
3649 4407 3989 4499 tempore

810 4545 1134 4652 aliquam
1173 4546 1487 4636 ‚uineam
1542 4545 1882 4652 alienam..
1941 4579 2034 4618 seu
2071 4563 2313 4618 antinum
2349 4544 2471 4625 uel
2509 4546 2587 4625 in
2624 4544 2819 4625 dicta
2855 4546 3074 4625 uinea
3128 4579 3220 4617 seu
3257 4564 3440 4617 antino
3494 4545 3774 4651 aliquas
3809 4573 3993 4628 uuas

812 4705 1107 4809 ceperit.
1140 4704 1261 4784 uel
1316 4703 1591 4809 aliquid
1629 4703 1851 4784 aliud.
1894 4703 2136 4784 soluat
2171 4728 2308 4809 pro
2344 4729 2534 4808 pena
2573 4701 2861 4784 solidos
2894 4730 2969 4782 v.
3010 4720 3083 4782 et
3119 4702 3439 4782 totidem
3479 4731 3614 4808 pro
3645 4703 3990 4785 emenda.

812 4861 918 4942 illi
975 4862 1184 4942 cuius
1239 4862 1375 4941 erit
1430 4862 1624 4941 dicta
1678 4861 1920 4941 uinea.
1977 4861 2072 4941 Et
2126 4860 2451 4967 quelibet
2529 4886 2846 4966 persona
2926 4860 3164 4965 possit
3248 4853 3421 4940 inde
3504 4888 3841 4941 accusare
3898 4861 3991 4941 de

813 5020 1187 5125 predictis.
1247 5038 1323 5100 et
1377 5019 1713 5126 quolibet
1766 5020 2291 5124 predictorum.
2352 5036 2426 5098 et
2480 5017 2746 5098 habeat
2782 5018 3074 5098 tertiam
3115 5036 3396 5123 partem
3453 5018 3699 5098 banni.
3743 5038 3816 5098 et
3851 5047 3993 5123 po-

813 5197 1042 5259 testas
1096 5179 1334 5283 possit
1389 5177 1564 5257 inde
1621 5179 2008 5282 inquirere.
