5117 6834
1158 638 1340 719 libet
1395 637 1559 719 faxe
1617 657 1692 717 et
1746 665 1788 717 a
1843 635 2005 717 faxe
2063 638 2245 717 infra
2302 635 2590 716 solidos
2644 662 2694 715 v
2751 654 2824 716 et
2878 633 3201 715 totidem
3273 660 3410 739 pro
3467 632 3785 713 emenda
3841 659 3978 737 pro
4034 630 4363 738 qualibet

1160 825 1503 904 persona.
1563 797 1658 877 Et
1713 797 1774 876 si
1831 796 2106 900 ceperit
2160 797 2253 875 de
2308 793 2556 874 alieno
2612 793 2788 874 feno
2844 791 3090 873 soluat
3144 792 3237 873 de
3291 793 3587 873 brazata
3626 789 3775 872 feni
3832 811 3908 871 et
3962 819 4004 870 a
4057 791 4361 870 brazata

1162 956 1346 1037 infra
1414 955 1703 1037 solidos
1755 982 1808 1035 v
1864 973 1939 1036 et
1992 953 2314 1034 totidem
2378 980 2514 1058 pro
2581 947 2923 1033 emenda·
2981 971 3053 1032 et
3109 981 3151 1032 a
3206 951 3501 1031 brazata
3556 978 3771 1056 supra
3838 976 4071 1056 usque
4129 951 4207 1028 in
4261 948 4360 1028 fa·

1162 1143 1340 1196 xem
1395 1115 1731 1195 hominis
1794 1111 2040 1193 soluat
2092 1139 2231 1217 pro
2286 1113 2537 1192 banno
2613 1110 2901 1192 solidos
2953 1137 3006 1190 v
3063 1128 3137 1190 et
3192 1108 3514 1191 totidem
3570 1135 3707 1213 pro
3782 1107 4124 1188 emenda.
4186 1127 4260 1189 et
4315 1135 4358 1187 a

1163 1273 1327 1355 faxe
1383 1273 1720 1354 hominis
1777 1299 1990 1376 supra
2048 1270 2291 1351 soluat
2345 1297 2482 1375 pro
2537 1297 2727 1375 pena
2784 1267 3071 1350 solidos
3151 1295 3247 1350 Lx
3305 1286 3379 1348 et
3431 1268 3772 1347 totidem·
3808 1293 3945 1371 pro
4010 1265 4357 1346 emenda.

1162 1434 1257 1514 Et
1294 1432 1624 1538 quelibet
1677 1457 1995 1536 persona
2049 1431 2286 1534 possit
2340 1429 2512 1510 inde
2569 1456 2915 1511 accusare.
2946 1447 3021 1509 et
3057 1426 3389 1508 credatur
3445 1426 3895 1506 accusationi
3935 1427 4358 1505 iuramento

1166 1618 1331 1671 suo.
1392 1609 1465 1670 et
1523 1589 1789 1669 habeat
1843 1589 2138 1669 tertiam
2192 1607 2479 1692 partem
2534 1586 2782 1666 banni.

777 1957 921 2034 137
1152 1835 1559 2042 QUOD
1615 1917 2140 1999 EXTRANEI
2219 1917 2506 1999 NIHIL
2584 1917 3210 2014 ACQUIRANT
3290 1918 3402 2000 IN
3481 1917 3715 1998 FINE
3769 1917 4086 2015 LEQUI
4138 1917 4337 2000 UEL

1065 2105 1069 2111 ·
1441 2077 2207 2159 -COSTEMAGNE
3953 2078 3969 2090 ⁶

1295 2382 1365 2475 ἦν·
1394 2368 1463 2484 3:³7⁷·
1495 2426 1658 2492 ΤΕΜ
1715 2420 2071 2481 statutum
2129 2420 2240 2482 est
2303 2401 2505 2507 quod
2563 2402 2805 2508 aliqua
2883 2428 3200 2506 persona
3283 2420 3627 2481 extranea
3699 2399 4190 2503 undecunque
4266 2400 4364 2479 sit

1172 2587 1327 2641 non
1365 2560 1603 2663 possit
1658 2586 1926 2640 emere.
1977 2558 2103 2639 uel
2158 2558 2408 2664 aliquo
2464 2559 2614 2639 alio
2653 2559 2872 2640 titulo
2936 2560 3308 2665 acquirere
3371 2559 3652 2663 aliquas
3713 2559 4230 2663 possessiones
4282 2558 4362 2637 in

1170 2743 1393 2822 posse
1450 2716 1571 2796 uel
1626 2717 2130 2798 iurisdictione
2190 2719 2639 2798 baennarum
2711 2717 2962 2823 aliquo
3035 2718 3274 2799 modo
3346 2717 3469 2798 uel
3524 2718 3859 2822 ingenio.
3919 2735 3994 2795 et
4045 2741 4367 2820 persona

1174 2902 1318 2980 que
1373 2875 1883 2955 contrafecerit
1937 2874 2194 2979 perdat
2246 2903 2405 2955 rem
2462 2903 2685 2980 quam
2750 2877 3198 2981 aquisiuerit.
3273 2877 3375 2956 ita
3428 2875 3633 2981 quod
3704 2874 3899 2954 dicta
3954 2900 4072 2953 res
4126 2874 4369 2953 consi·

1172 3053 1442 3138 gnetur
1500 3051 1573 3113 et
1628 3032 1978 3137 aplicetur
2034 3034 2231 3113 curie
2287 3032 2764 3113 baennarum.
2848 3034 2943 3112 Et
3020 3060 3340 3138 persona
3396 3061 3439 3113 a
3494 3061 3637 3138 qua
3720 3033 3921 3113 dicta
3974 3058 4094 3111 res
4149 3029 4365 3111 fuerit

1172 3193 1485 3297 aquisita
1543 3189 1787 3271 soluat
1856 3217 1994 3295 pro
2046 3217 2238 3296 pena
2307 3189 2526 3270 libras
2580 3219 2653 3271 x.
2711 3193 3018 3296 quocies
3091 3192 3623 3272 contrafecerit.
3683 3211 3756 3271 et
3818 3188 4147 3297 quelibet
4210 3216 4368 3294 per-

1173 3377 1358 3431 sona
1415 3350 1654 3454 possit
1710 3348 1882 3430 inde
1939 3375 2277 3430 accusare
2335 3366 2409 3428 et
2463 3347 2796 3429 credatur
2870 3350 3029 3429 eius
3099 3350 3549 3431 accusationi
3625 3351 4068 3430 iuramento.
4128 3368 4203 3428 et
4257 3348 4366 3427 ni·

1171 3507 1628 3588 chilominus
1681 3507 1918 3611 possit
1973 3525 2304 3611 potestas
2386 3526 2459 3586 et
2521 3525 2854 3587 teneatur
2911 3534 3124 3612 super
3177 3508 3526 3612 predictis
3580 3508 3944 3611 inquirere
3999 3506 4092 3587 ad
4151 3533 4362 3586 suam

1170 3665 1642 3745 uoluntatem
1694 3663 1948 3769 aliquo
2004 3663 2327 3769 capitulo
2382 3663 2579 3744 facto
2634 3663 2753 3743 uel
2810 3663 3149 3745 faciendo
3188 3665 3265 3744 in
3303 3665 3754 3745 contrarium
3794 3692 3947 3745 non
3989 3667 4361 3745 obstante.

1172 3825 1265 3905 Et
1321 3825 1466 3904 hoc
1524 3849 1681 3904 non
1735 3824 1972 3927 possit
2028 3824 2397 3904 remoueri
2455 3822 2817 3903 conscilio
2872 3822 2993 3903 uel
3049 3822 3199 3903 alio
3255 3823 3517 3905 modo,
3586 3824 3679 3904 Et
3742 3823 3946 3928 quod
4003 3824 4064 3904 si
4119 3823 4363 3928 aliqua

1169 4010 1485 4088 persona
1541 3982 1635 4062 de
1692 3983 1999 4061 baennis
2052 3983 2414 4087 aquireret
2471 4007 2599 4061 seu
2658 4001 2937 4062 emeret
2999 4009 3136 4087 pro
3189 3981 3431 4086 aliqua
3500 4009 3819 4087 persona
3895 4001 4240 4062 extranea
4288 3999 4363 4060 et

1170 4140 1344 4221 licet
1397 4140 1573 4221 inde
1628 4140 1840 4220 fieret
1894 4141 2473 4220 instrumentum
2560 4167 2698 4220 suo
2769 4141 3074 4246 proprio
3130 4142 3439 4221 nomine
3497 4159 3569 4220 et
3625 4142 3919 4245 reperiri
3973 4158 4230 4246 posset
4284 4142 4363 4220 in

1171 4298 1316 4378 hiis
1371 4299 1765 4380 comisisse
1819 4298 2178 4379 fraudem.
2236 4298 2579 4382 eamdem
2656 4325 2925 4404 penam
2981 4300 3409 4380 substineat.
3466 4299 3560 4378 Et
3614 4299 3818 4403 quod
3871 4318 4203 4404 potestas
4257 4318 4363 4380 te-

1168 4474 1427 4536 neatur
1483 4475 1557 4536 et
1611 4455 1876 4536 debeat
1931 4456 2105 4537 inde
2161 4441 2525 4560 inquirere
2610 4455 2702 4535 ad
2787 4457 3038 4537 minus
3120 4456 3351 4537 semel
3409 4458 3487 4536 in
3543 4483 3742 4536 anno
3815 4455 4120 4538 uinculo
4178 4458 4363 4538 iura·

1169 4615 1407 4694 menti
1464 4614 1559 4694 de
1614 4641 1877 4695 mense
1932 4615 2178 4695 martii
2231 4614 2367 4721 (1)
2452 4634 2523 4695 et
2590 4584 2754 4696 'hoc
2837 4642 2994 4695 non
3076 4616 3313 4721 possit
3393 4616 3763 4695 remoueri
3821 4615 4184 4697 conscilio
4240 4614 4360 4696 uel

1170 4771 1322 4851 alio
1378 4771 1643 4852 modo.

780 5106 927 5208 138
1149 5011 1374 5177 DE
1428 5087 1959 5170 ELIGENDIS
2014 5090 2586 5174 CAMPARHS.

1277 5307 1469 5509 Q
1489 5451 1645 5508 TEM
1700 5445 2059 5510 statutum
2116 5448 2228 5510 est
2281 5430 2484 5535 quod
2540 5429 2789 5510 nullus
2839 5432 3081 5535 possit
3165 5431 3346 5536 eligi
3428 5432 3782 5513 constitui
3857 5430 3979 5512 uel
4035 5432 4363 5513 ordinari

1165 5586 1311 5668 dici
1370 5585 1490 5666 uel
1544 5587 1861 5691 reputari
1916 5590 2328 5694 camparius
2409 5593 2887 5673 baennarum.
2970 5617 3109 5672 nec
3179 5592 3414 5672 iurare
3470 5589 3593 5670 uel
3648 5616 3989 5670 exercere
4054 5589 4363 5695 aliquod
