5117 6834
400 780 553 858 274

402 2300 546 2377 275

2201 348 2606 477 Lxuu

806 666 1027 834 DE
1080 731 1437 831 TALEIS
1491 750 2083 833 SOLUENDls.

930 963 1274 1169 Qum
1321 1071 1687 1151 ¹statutum
1743 1086 1855 1149 est
1909 1069 2111 1173 quod
2169 1068 2493 1174 quelibet
2545 1098 2863 1175 persona
2919 1091 3260 1152 extranea
3322 1070 3481 1152 'uel‘
3516 1070 3609 1152 de
3665 1071 3970 1155 baennis

798 1258 939 1334 que
1000 1231 1094 1310 sit
1149 1227 1269 1309 uel
1325 1255 1461 1333 pro
1515 1245 1854 1332 tempore
1910 1217 2123 1307 fuerit
2179 1228 2256 1306 in
2311 1246 2613 1331 regesto
2668 1229 3124 1309 baennarum
3178 1249 3510 1309 teneatur
3567 1249 3640 1310 et
3706 1231 3970 1313 debeat

800 1386 1089 1468 soluere
1147 1384 1379 1465 talias.
1436 1410 1579 1489 que
1635 1384 1985 1489 imposite
2044 1382 2310 1464 fuerint
2366 1412 2501 1489 pro
2558 1387 2962 1490 quantitate
3002 1387 3114 1467 sui
3160 1388 3433 1491 regesti
3464 1386 3671 1506 ‘infra
3725 1392 3973 1469 termi-

799 1572 981 1626 num
1040 1571 1254 1649 super
1306 1543 1454 1623 hoc
1511 1541 1959 1623 ordinatum.
2019 1543 2111 1622 Et
2167 1542 2226 1622 si
2283 1569 2438 1622 non
2497 1544 2803 1624 soluerit
2841 1545 3157 1624 incurrat
3194 1545 3520 1625 bannum
3574 1572 3788 1652 super
3823 1546 3969 1627 hoc

799 1704 1248 1786 ordinatum.
1303 1704 1347 1743 ⁴⁶
1400 1705 1493 1784 Et
1546 1701 2079 1784 nichilominus
2135 1700 2379 1781 soluat
2434 1701 2741 1808 duplum
2825 1704 3258 1807 quantitatis
3333 1731 3461 1784 sue
3515 1702 3694 1784 talie‘
3743 1706 3965 1786 curie.

795 1867 888 1945 Et
941 1863 1088 1942 hoc
1146 1890 1300 1942 non
1358 1863 1594 1967 possit
1634 1861 2022 1965 ‘remoueri
2079 1858 2439 1960 conscilio
2495 1859 2617 1940 uel
2672 1859 2820 1940 alio
2877 1860 3137 1941 modo.
3198 1862 3332 1972 (1)
3886 1848 3893 1857 ’
4043 1831 4048 1837 .

799 2191 1203 2401 QJOD
1256 2274 1655 2374 ALIQUA
1722 2274 2089 2357 DOMUS
2168 2276 2301 2357 DE
2372 2274 2826 2358 SOLARIO
2898 2275 3135 2358 NON
3187 2274 3543 2386 POSSIT
3595 2274 3969 2357 TENERI

1115 2432 1602 2519 COPERTA
1654 2433 1790 2516 DE
1844 2433 2173 2516 COUIS.

928 2650 1278 2853 Qun
1335 2773 1692 2835 statutum
1748 2773 1860 2834 est
1914 2752 2117 2858 quod
2175 2751 2417 2858 aliqua
2472 2751 2747 2832 domus
2803 2752 2894 2831 de
2952 2750 3225 2832 solario
3262 2779 3418 2832 non
3456 2753 3696 2858 possit
3731 2753 3965 2833 teneri

800 2934 1098 3020 coperta
1155 2916 1246 2994 de
1302 2913 1513 2995 couis
1568 2913 1644 3019 in
1699 2910 2044 3020 toto-uel
2088 2911 2178 3019 ⁴in
2209 2892 2436 3021 ‚Ri’ssl'tss
2463 2911 2596 3020 giss
2679 2908 2855 3021 uilla
2946 2908 3419 3024 baennaru1n3
3506 2912 3598 3027 Et
3681 2911 3754 3020 sij
3797 2937 3968 3023 con-

798 3074 1183 3167 trasactum
1225 3071 1437 3152 fuerit
1475 3097 1790 3176 persona
1829 3072 2035 3150 cuius
2072 3070 2288 3150 fuerit
2325 3068 2518 3148 dicta
2556 3031 2832 3147 domus
2887 3066 3130 3147 soluat
3182 3093 3318 3172 pro
3372 3093 3559 3171 pena
3597 3066 3885 3175 solidos
3919 3095 3968 3145 x

798 3261 935 3340 pro
992 3231 1314 3337 qualibet
1371 3231 1533 3310 uice
1588 3256 1732 3334 qua
1787 3226 1959 3307 inde
2015 3244 2351 3330 accusata
2408 3244 2625 3306 esset.
2683 3222 2804 3305 uel
2862 3224 3227 3329 inculpata
3283 3241 3357 3304 et
3411 3222 3735 3338 quelibet
3816 3251 3971 3329 per-

800 3419 983 3472 sona
1056 3391 1294 3495 possit
1368 3388 1540 3468 inde
1615 3414 1975 3467 accusare.
2036 3404 2109 3466 et
2165 3386 2233 3465 ei
2315 3386 2733 3464 iuramento
2816 3382 3148 3462 credatur
3204 3400 3276 3462 et
3341 3380 3603 3460 habeat
3677 3382 3968 3461 tertiam

796 3568 1080 3656 partem
1138 3549 1383 3627 banni.
1444 3566 1517 3626 et
1572 3564 1905 3651 potestas
1958 3522 2197 3650 possit
2253 3542 2425 3623 inde
2483 3544 2868 3647 inquirere.
