5117 6834
828 1721 979 1824 316

1218 651 1659 733 confrariam
1713 652 2079 733 maiorem
2166 678 2378 733 secus
2429 651 2709 733 dictam
2764 652 2966 731 uiam
3022 653 3099 731 in
3153 652 3551 732 'retitudine
3633 652 3909 734 domus
3991 650 4187 733 stalli·
4240 653 4396 762 siue

1217 811 1360 891 orti
1417 828 1751 892 teneatur
1805 811 2143 891 claudere
2201 830 2275 891 et
2328 829 2582 891 tenere
2638 809 2964 890 clausam
3020 810 3339 890 domum
3396 836 3606 890 suam
3663 809 3963 891 stallum
4018 830 4093 891 et
4146 830 4397 891 ortum

1220 995 1435 1049 suum
1493 968 1587 1049 de
1642 994 1899 1049 uersus
1953 967 2229 1048 dictam
2285 968 2484 1048 viam
2542 985 2619 1048 et
2672 986 2918 1072 aptare
3002 987 3075 1047 et
3157 986 3479 1073 aptatam
3562 987 4040 1057 manutenere
4121 968 4398 1049 dictam

1213 1126 1418 1206 viam
1471 1126 1552 1205 in
1604 1126 2000 1207 retitudine
2060 1125 2386 1231 predicta
2441 1128 2578 1207 sub
2629 1142 2823 1232 'pena
2862 1124 3280 1206 solidorum
3319 1154 3368 1205 x
3405 1152 3540 1231 pro
3588 1125 3921 1231 quolibet
3960 1144 4033 1206 et
4067 1124 4395 1233 qualibet

1216 1285 1403 1365 uice.
1462 1303 1536 1365 et
1589 1302 1925 1389 potestas·
1975 1285 2213 1389 possit
2268 1284 2441 1374 inde
2498 1284 2890 1388 inquirere.
3169 1250 3172 1253 Ι
3365 1247 3374 1258 ’

1203 1626 1432 1796 DE
1482 1704 1950 1792 STIMULIS
2003 1706 2241 1793 NON
2292 1707 2809 1803 TENENDIS
2860 1710 2998 1793 DE
3051 1710 3430 1797 UERSUS
3510 1711 3775 1794 VIAM
3828 1712 4374 1800 PUBLICAM.

1312 1924 1522 2130 Ε
1541 2047 1698 2103 TEM
1752 2038 2110 2102 statutum
2166 2037 2279 2101 est
2332 2019 2536 2126 quod
2594 2019 2919 2125 quelibet
2997 2020 3237 2100 homo
3311 2019 3405 2099 de
3462 2018 3769 2099 baennis
3820 2018 3947 2125 qui
4002 2017 4224 2098 habet
4276 2016 4399 2098 uel

1218 2180 1552 2261 habuerit
1605 2179 1928 2286 aliquam
1992 2205 2271 2283 sepem.
2328 2204 2470 2283 que
2525 2176 2793 2258 habeat
2857 2175 3206 2264 stimulos
3260 2175 3353 2257 de
3409 2202 3665 2257 uersus
3746 2176 3946 2255 uiam
4027 2175 4398 2281 publicam

1216 2339 1295 2418 in
1347 2337 1524 2419 villa
1577 2340 2055 2418 baennarum.
2115 2364 2246 2418 seu
2299 2337 2377 2416 in
2430 2335 2802 2440 ayralibus
2878 2360 3155 2440 pascuy
3236 2352 3571 2415 teneatur
3651 2361 3930 2439 ponere
4016 2354 4089 2415 et
4142 2354 4396 2418 tenere

1219 2495 1567 2579 stimulos
1621 2496 1714 2578 de
1769 2522 2026 2578 uersus
2082 2521 2294 2577 suam
2348 2492 2911 2600 possessionem
2948 2492 3104 2573 siue
3143 2491 3462 2573 domum
3501 2510 3574 2573 et
3611 2475 3766 2572 nbn
3805 2491 4161 2574 deuersus
4195 2493 4399 2573 uiam

1217 2652 1588 2759 publicam
1644 2657 1779 2735 sub
1830 2680 2020 2759 pena
2077 2652 2493 2734 solidorum
2548 2681 2649 2735 111.
2708 2653 2802 2733 Et
2854 2666 3190 2755 potestas
3243 2650 3481 2755 possit
3536 2649 3710 2730 inde
3767 2650 4157 2755 inquirere.
