5117 6834
329 1899 478 1979 293

309 4525 487 4605 294

2060 414 2541 515 LXVIIII

727 668 1164 772 procedatur
1220 671 1323 748 in·
1353 695 1567 747 causa
1621 666 1946 772 predicta
1983 693 2110 771 per
2148 668 2431 746 dictum
2470 667 2866 772 dominum
2906 687 3376 772 potestatem.
3437 669 3646 749 saluo
3701 669 3902 775 quod

727 827 802 904 in
862 826 1120 905 bannis
1175 825 1657 905 excutiendis,
1718 824 2284 929 condempnatis
2319 851 2447 929 per
2483 824 2879 904 dominum
2918 807 3365 930 potestatem
3405 827 3497 906 de
3545 803 3905 907 conscilio

731 984 1081 1089 sapientis
1137 983 1546 1063 secundum
1603 981 1924 1063 formam
1980 980 2469 1087 capitulorum
2530 1001 2604 1061 et
2678 979 3371 1064 ordinamentorum
3458 986 3905 1065 baennarum

730 1159 802 1218 et
859 1139 1472 1220 confirmatorum
1529 1166 1656 1245 per
1712 1139 2107 1219 dominum
2162 1140 2613 1244 Episcopum
2669 1139 2786 1219 uel
2827 1141 2987 1221 eius
3038 1142 3415 1222 uicarium.
3458 1142 3547 1221 Et
3588 1142 3794 1264 saluo
3833 1144 3908 1223 in

735 1298 913 1375 rixis
968 1297 1390 1401 separandis
1429 1297 1503 1375 in
1542 1295 1807 1402 quibus
1844 1295 2133 1376 casibus
2168 1323 2470 1401 presens
2508 1295 2905 1401 capitulum
2947 1296 3339 1377 obseruare
3375 1326 3528 1378 non
3577 1319 3910 1379 teneatur

729 1453 970 1533 dictus
1025 1454 1377 1533 dominus
1433 1473 1782 1558 potestas.

705 1829 927 1995 DE
981 1909 1221 1992 NON
1259 1911 1924 1993 FACIENTIBUS
1954 1913 2283 1995 IGNEM
2321 1915 2430 1994 IN
2469 1915 3040 1998 AYRALIBUS
3076 1915 3424 2001 EXTRA
3466 1920 3875 2002 UILLAM.

833 2124 1020 2326 ἒξ
1046 2212 1201 2267 TEM
1258 2205 1613 2268 statutum
1692 2205 1803 2268 est
1867 2187 2071 2292 quod
2127 2187 2364 2292 aliqua
2423 2177 2735 2292 persona
2791 2186 3071 2267 habens
3125 2188 3391 2290 ayralia
3430 2188 3502 2267 in
3542 2187 3910 2290 ayralibus

728 2346 973 2449 pascui
1033 2345 1167 2452 (1)
1223 2372 1264 2425 a
1321 2343 1617 2425 fossatis
1672 2344 2027 2449 ayralium
2115 2373 2367 2443 uersus
2451 2345 2765 2424 uillam..
2803 2373 2956 2425 non
3023 2346 3287 2425 audeat
3343 2373 3479 2425 nec
3535 2363 3909 2449 presumat

724 2502 976 2606 aliquo
1033 2503 1272 2582 modo
1331 2502 1564 2582 facere
1621 2503 1904 2607 ignem.
1964 2503 2056 2582 de
2112 2502 2232 2582 die
2271 2502 2389 2582 uel
2429 2503 2521 2582 de
2563 2521 2781 2582 nocte
2822 2504 2897 2583 in
2937 2502 3185 2608 aliquo
3252 2503 3472 2605 ayrali
3542 2502 3658 2581 uel
3733 2501 3908 2582 loco

728 2679 932 2739 extra
990 2659 1246 2739 uillam
1303 2660 1754 2740 baennarum
1795 2662 1868 2739 in
1908 2660 2102 2740 dicta
2140 2659 2435 2740 fossata.
2477 2661 2618 2739 nisi
2647 2643 2961 2741 'haberet
3016 2659 3268 2740 locum
3324 2662 3400 2739 in
3455 2686 3606 2765 quo
3646 2658 3909 2740 faceret

727 2817 1006 2896 dictum
1067 2819 1323 2920 ignem
1381 2836 1766 2922 copertum
1825 2817 1917 2897 de
1973 2818 2247 2921 tegulis
2303 2819 2378 2897 in
2434 2818 2827 2897 retitudine
2912 2819 3110 2922 ignis
3169 2811 3297 2923 per
3353 2845 3583 2898 unum
3640 2844 3910 2922 corpus

726 2973 817 3053 ad
876 2976 1145 3055 minus.
1223 2993 1296 3054 et
1378 2995 1750 3055 muratum
1835 2977 2412 3080 circumquoque
2459 2975 2604 3054 ⁴uel
2681 2975 3008 3057 clausurn
3066 2976 3159 3056 de
3215 2977 3537 3055 terraciis
3593 2996 3904 3082 excepto

728 3132 1003 3212 hostio.
1064 3134 1156 3212 Et
1213 3136 1334 3238 qui
1394 3132 1901 3217 contrafecerit
1957 3134 2197 3213 soluat
2253 3162 2387 3239 pro
2441 3162 2628 3238 pena
2667 3153 2739 3215 et
2777 3133 3024 3214 banno
3060 3162 3195 3239 pro
3234 3134 3553 3239 qualibet
3590 3161 3907 3239 persona

725 3308 799 3392 et
854 3289 1178 3394 qualibet
1235 3293 1394 3370 uice
1452 3291 1739 3371 solidos
1774 3319 1847 3370 ν.
1888 3293 1981 3372 Et
2019 3294 2078 3371 si
2120 3290 2241 3371 ille
2279 3293 2403 3396 qui
2444 3289 2692 3371 fecerit
2736 3291 3016 3371 dictum
3075 3293 3329 3395 ignem
3358 3319 3541 3371 -non
3600 3292 3906 3373 haberet

725 3449 919 3527 unde
979 3448 1302 3528 solueret
1361 3450 1694 3574 bannulm·
1745 3449 2152 3554 predictum
2211 3449 2454 3528 soluat
2511 3448 2837 3529 bannum
2879 3468 2951 3532 et
2988 3476 3255 3553 penam
3312 3450 3714 3553 predictam
3773 3448 3895 3529 ille

725 3607 931 3685 cuius
987 3605 1199 3686 fuerit
1254 3606 1498 3709 ayrale
1557 3608 1630 3686 in
1687 3634 1839 3711 quo
1897 3569 2114 3687 fieret*
2157 3606 2275 3686 uel
2334 3627 2526 3687 esset
2585 3609 2806 3710 ignis,
2848 3608 2938 3686 Et
2974 3605 3296 3711 quelibet
3334 3633 3646 3711 persona
3703 3607 3899 3688 bone

726 3764 917 3844 farne
974 3766 1208 3869 possit
1264 3791 1598 3844 accusare
1656 3765 1748 3844 de
1804 3765 2148 3870 predictis
2186 3768 2817 3845 contratacientes.
2862 3784 2934 3844 et
2973 3766 3037 3843 ei
3078 3766 3495 3844 iuramento
3534 3765 3889 3844 credatur.

725 3924 814 4001 Et
869 3942 1198 4026 potestas
1252 3924 1486 4026 possit
1544 3923 1715 4002 inde
1773 3923 2134 4028 inquirere
2190 3923 2280 4002 ad
2340 3949 2550 4002 suam
2608 3921 3095 4002 uoluntatem.
3155 3922 3405 4027 aliquo
3443 3923 3764 4027 capitulo
3825 3925 3897 4003 in

724 4082 1173 4159 contrarium
1233 4078 1425 4159 facto
1482 4107 1635 4159 non
1694 4078 2059 4159 obstante·

699 4440 1103 4648 QJOD
1141 4525 1502 4666 ’NULLA
1562 4526 2037 4609 PERSONA
2073 4528 2429 4609 POSSIT
2468 4529 3075 4611 HEDIFICARE
3112 4531 3423 4614 SUPER
3479 4533 3861 4613 MURUM
3993 4493 4001 4500 ἢ

1013 4683 1504 4766 COMUNIS.

825 4896 1015 5101 ἒξ
1044 4998 1200 5053 ΤΕΜ
1239 4992 1597 5053 statutum
1637 4990 1749 5053 est
1786 4971 1987 5077 quod
2028 4971 2224 5051 nulla
2263 4999 2575 5076 persona
2613 4972 2847 5076 possit
2902 4999 3039 5051 nec
3078 4971 3342 5051 debeat
3370 4969 3618 5075 aliquo
3656 4969 3895 5050 modo

727 5133 1067 5213 edificare
1123 5131 1243 5212 uel
1298 5130 1727 5212 hedificium
1764 5155 1894 5209 seu
1931 5149 2480 5211 caseamentum
2519 5157 2796 5235 ponere
2837 5157 3050 5234 super
3088 5154 3307 5208 muro
3362 5129 3705 5207 comunis
3760 5126 3896 5207 sub

724 5317 912 5395 pena
970 5307 1043 5369 et
1101 5292 1347 5369 banno
1401 5315 1537 5393 pro
1593 5286 1916 5393 qualibet
1969 5314 2283 5392 persona
2339 5306 2410 5366 et
2466 5286 2789 5391 qualibet
2844 5288 3006 5366 uice
3064 5284 3478 5372 solidorum
3515 5309 3610 5363 Lx
3648 5303 3885 5365 asten·

724 5448 942 5528 sium.
1003 5465 1076 5527 et
1131 5445 1455 5551 quelibet
1510 5471 1828 5551 persona
1880 5446 2118 5549 possit
2182 5444 2353 5523 inde
2418 5470 2753 5523 accusare
2810 5462 2883 5522 et
2941 5444 3005 5522 ei
3064 5443 3481 5521 iuramento
3537 5440 3893 5522 credatur.

723 5606 816 5685 Et
869 5621 1200 5710 potestas
1251 5583 1488 5708 possit
1544 5623 1617 5683 et
1671 5621 2004 5682 teneatur
2058 5601 2229 5683 inde
2287 5603 2672 5706 inquirere.

841 5817 932 5894 18
