5117 6834
775 1326 926 1381 120

763 3127 900 3182 121

755 4616 899 4673 122

1166 600 1438 705 ceperit
1493 598 1733 678 soluat
1790 571 2078 677 solid-os
2132 626 2229 677 xx
2284 624 2421 701 pro
2475 597 2749 677 banno,
2810 616 2883 677 et
2937 598 3349 701 dampnum
3403 598 3737 677 restituat
3791 596 3899 677 illi
3955 599 4164 677 cuius
4219 598 4356 680 erit

1160 758 1544 837 canabum.
1605 773 1679 835 et
1733 755 2042 860 quilibet
2096 755 2335 860 possit
2389 781 2728 834 accusare
2812 752 3164 835 facientes
3229 772 3486 834 contra
3539 754 3890 860 predicta.
3951 774 4026 836 et
4082 756 4149 836 ei
4207 782 4355 836 cre-

1164 913 1377 995 datur
1432 941 1604 993 cum
1661 915 2078 993 iuramento
2136 932 2208 993 et
2265 912 2355 993 de
2414 932 2686 994 carrata
2741 903 3081 1018 puniatur
3152 931 3534 1017 tamquam
3591 912 3683 992 de
3739 912 4137 993 maleficiO.

1158 1231 1380 1397 DE
1432 1311 1995 1393 ACCUSATIS
2047 1309 2527 1393 INDEBITE
2581 1310 2772 1393 PER
2826 1308 3445 1391 CAMPARIUM
3500 1307 3992 1390 COMUNIS.
4072 1301 4206 1407 (5)

1284 1530 1639 1733 Qum
1695 1630 2052 1692 statutum
2110 1631 2222 1691 est
2276 1611 2479 1718 quod
2536 1611 2845 1716 quilibet
2881 1612 3007 1717 qui
3043 1631 3425 1691 accusatus
3460 1613 3676 1692 fuerit
3727 1640 3857 1718 per
3895 1616 4347 1719 camparium

1163 1769 1531 1850 comunis
1593 1788 1668 1848 et
1722 1797 1801 1849 se
1856 1770 2130 1874 poterit
2185 1769 2604 1849 defendere.
2688 1768 2810 1849 uel
2891 1769 3175 1850 dictum
3258 1772 3711 1877 camparium
3774 1773 4163 1876 reprobare
4218 1799 4348 1877 per

1160 1925 1354 2005 duos
1409 1926 1794 2030 legitimos
1848 1945 2077 2007 testes
2131 1927 2224 2006 de
2280 1927 2475 2007 dicta
2529 1928 3000 2007 accusatione
3040 1946 3114 2007 et
3162 1930 3407 2007 banno
3447 1929 3542 2007 sit
3585 1929 3881 2032 penitus
3935 1928 4344 2010 absolutus.

1162 2103 1234 2163 et
1290 2085 1700 2188 camparius
1754 2085 1878 2188 qui
1935 2086 2383 2165 accusauerit
2440 2084 2682 2165 soluat
2735 2112 2873 2191 pro
2936 2087 3187 2165 banno
3271 2083 3557 2165 solidos
3639 2114 3687 2165 x
3769 2087 3965 2166 curie
4041 2088 4347 2193 quocies

1161 2243 1436 2325 iecerit.
1495 2243 1588 2321 Et
1643 2243 1703 2322 si
1762 2268 1916 2320 non
1954 2242 2255 2321 haberet
2289 2241 2486 2322 unde
2544 2241 2869 2322 solueret
2923 2269 3194 2347 penam
3247 2262 3566 2348 ponatur
3601 2244 3693 2324 ad
3731 2243 4171 2349 pellerinum
4211 2244 4349 2353 (6)

1158 2417 1233 2479 et
1288 2399 1386 2478 ibi
1441 2419 1870 2504 permaneat
1922 2426 2051 2504 per
2104 2401 2399 2480 tertiam
2480 2420 2768 2506 partem
2849 2401 3020 2481 diei.
3105 2399 3225 2481 uel
3307 2400 3495 2506 plus.
3555 2420 3630 2481 et
3685 2428 3840 2483 non
3912 2403 4151 2507 possit
4206 2431 4346 2484 nec

1157 2558 1422 2638 debeat
1477 2560 1721 2662 magis
1777 2559 1854 2638 in
1909 2577 2078 2638 toto
2134 2577 2475 2664 tempore
2531 2563 2683 2639 uite
2742 2585 2869 2639 sue
2924 2558 3225 2663 aliquod
3283 2557 3618 2639 officium
3676 2560 4021 2640 comunis
4076 2560 4345 2665 habere

1156 2714 1406 2818 aliquo
1461 2713 1724 2794 modo,

1154 3034 1378 3200 DE
1432 3116 1939 3199 EUNTIBus
1992 3116 2202 3200 PRo
2253 3114 2818 3199 MAGLOLIIS
2896 3100 3029 3207 (7)
3067 3114 3180 3198 IN
3231 3113 3626 3198 ALIENIS
3680 3114 4033 3200 UINEIS.

1279 3331 1626 3537 Qum
1682 3433 2038 3498 statutum
2094 3434 2206 3496 est
2260 3416 2462 3521 quod
2520 3416 2582 3495 si
2637 3417 2803 3522 quis
2857 3417 3071 3496 iuerit
3125 3418 3313 3496 intra
3367 3416 3643 3500 alienas
3677 3419 3933 3502 uineas
3985 3447 4122 3524 pro
4178 3446 4341 3502 ma-

1151 3577 1408 3682 gloliis
1461 3575 1581 3656 uel
1635 3602 1772 3682 pro
1825 3574 2175 3682 prouanis
2248 3574 2382 3681 (8)
2436 3572 2557 3656 uel
2612 3573 2887 3658 uitibus
2958 3573 3333 3682 capiendis
3399 3577 3674 3680 absque
3748 3576 4132 3662 uoluntate
4191 3576 4336 3658 do·

1151 3735 1336 3858 mini
1392 3734 1634 3816 uinee.
1694 3731 1937 3812 soluat
1990 3758 2126 3837 pro
2182 3758 2370 3836 pena
2425 3732 2732 3836 quocies
2785 3730 3035 3816 fecerit
3091 3731 3380 3816 solidos
3433 3760 3539 3816 xx
3596 3735 3792 3814 curie
3868 3753 3942 3815 et
4014 3736 4336 3820 totidem

1146 3920 1284 3999 pro
1342 3889 1680 3975 emenda.
1738 3889 2103 3974 Eamdem
2161 3916 2427 3995 penam
2486 3889 2893 3974 substineat
2947 3893 3072 3997 qui
3129 3892 3402 3997 ceperit
3455 3891 3627 3974 alibi
3683 3920 3909 3998 quam
3964 3894 4041 3976 in
4094 3896 4335 3980 uineis

1149 4051 1426 4136 alienas
1478 4053 1693 4134 uites.
1752 4073 1826 4133 et
1880 4052 2205 4156 quelibet
2272 4076 2589 4157 persona
2658 4049 2897 4155 possit
2966 4048 3139 4130 inde
3211 4076 3548 4132 accusare
3624 4070 3697 4131 et
3772 4053 3839 4132 ei
3915 4052 4332 4136 iuramento
4408 4167 4419 4180 .

1148 4210 1482 4292 credatur
1538 4229 1612 4296 et
1665 4210 1931 4291 habeat
1985 4210 2277 4290 tertiam
2333 4226 2618 4314 partem
2674 4207 2920 4288 banni.

1151 4515 1372 4681 DE
1426 4596 1893 4679 LIATURIS
1945 4597 2488 4679 UINEARUM
2544 4594 2783 4677 NON
2837 4593 3387 4676 CAPIENDIS.

1275 4810 1622 5016 Qum
1677 4928 2034 4990 statutum
2093 4928 2204 4990 est
2259 4908 2460 5014 quod
2518 4910 2579 4988 si
2618 4907 2881 5012 aliquis
2936 4909 3208 5013 ceperit
3244 4907 3540 4990 liaturas
3575 4925 3688 4979 siue
3724 4925 3908 4980 salices
3954 4910 4033 4988 in
4084 4908 4326 4988 uineis

1142 5091 1256 5146 siue
1294 5089 1490 5146 aminis
1542 5069 1620 5149 in
1673 5067 1823 5148 fine
1878 5067 2329 5152 baennarum
2382 5066 2426 5106 “
2480 5094 2522 5146 a
2576 5067 2768 5147 testo
2824 5066 3053 5146 sancti
3119 5064 3503 5146 michaelis
3557 5092 3788 5169 usque
3844 5065 3935 5147 ad
3993 5086 4323 5146 sanctam

1145 5228 1457 5309 mariam
1512 5226 2005 5312 candelariam
2057 5226 2101 5265 ‘³‘
2155 5226 2291 5335 (9)
2347 5224 2591 5308 soluat
2627 5252 2761 5330 pro
2797 5251 2987 5329 pena
3025 5224 3331 5330 quocies
3366 5222 3618 5304 fecerit
3674 5222 3962 5306 solidos
4015 5249 4067 5303 x
4123 5224 4321 5303 curie

1145 5404 1218 5466 et
1273 5384 1593 5468 totidem
1647 5412 1785 5491 pro
1842 5384 2180 5468 emenda.
2236 5403 2477 5490 preter
2548 5383 2846 5463 liaturas
2916 5401 3274 5487 uegetum
3331 5408 3512 5486 quas
3564 5382 3802 5486 possit
3854 5382 4180 5486 accipere
4244 5383 4321 5462 in

1143 5544 1294 5626 suis
1349 5562 1424 5624 et
1475 5544 1554 5623 in
1607 5544 2080 5626 comunibus-
2135 5562 2208 5624 et
2263 5542 2608 5647 camparii
2667 5560 2740 5621 et
2795 5538 3145 5623 custodes
3209 5541 3473 5646 priuati
3528 5566 3864 5622 accusare
3933 5558 4321 5622 teneantur
