5117 6834
1196 653 1402 716 tecto
1457 634 1661 740 quod
1717 661 1852 740 pro
1905 633 2145 714 uitulo
2202 659 2333 714 seu
2383 633 2679 737 uayleta
2716 633 2851 740 (3)
2888 597 3298 739 appupante
3353 634 3664 715 uacham
3722 659 3851 714 seu
3889 633 4203 715 bestiam
4240 661 4381 738 que

1199 809 1399 873 esset
1433 792 1511 871 in
1548 790 1742 871 dicta
1795 791 2133 871 custodia
2170 816 2301 872 sua
2335 789 2582 871 nullus
2635 789 3018 871 uacharius
3072 788 3372 895 aliquod
3428 790 3743 872 loerium
3799 789 4066 892 habere
4121 789 4383 871 debeat

1197 950 1321 1030 uel
1356 965 1605 1054 petere
1641 949 1902 1052 possit.
1941 947 2035 1028 Et
2073 946 2401 1029 soluatur
2436 947 2655 1028 dictis
2688 944 3106 1053 pastoribus
3133 947 3226 1028 de
3263 947 3479 1027 dictis
3511 946 3784 1048 salariis
3821 947 3977 1028 siue
4006 946 4099 1028 de
4136 946 4384 1051 loerijs

1199 1106 1350 1186 hoc
1407 1104 1670 1215 modo,
1744 1104 2022 1185 scilicet
2075 1102 2439 1184 medietas
2514 1103 2609 1183 ad
2684 1121 3020 1184 sanctum
3085 1101 3529 1183 laurentium
3563 1118 3677 1184 ‘et
3752 1104 3893 1183 alia
3943 1104 4251 1185 dimidia
4306 1106 4381 1185 in

1201 1262 1355 1344 fine
1409 1261 1732 1343 termini.
1791 1279 1866 1341 et
1921 1261 1984 1341 si
2038 1258 2302 1367 aliquis
2375 1287 2493 1374 ex·
2539 1260 2758 1340 dictis
2818 1259 3238 1365 pastoribus
3300 1259 3488 1340 ultra
3543 1259 3825 1340 dictum
3882 1259 4201 1342 loerium
4273 1289 4384 1342 ac-

1205 1421 1483 1526 ceperit
1542 1420 1664 1500 uel
1728 1419 2020 1524 petierit
2083 1444 2222 1524 pro
2287 1416 2505 1498 dictis
2573 1417 2829 1521 bestijs
2890 1415 3399 1498 custodiendis
3470 1417 3713 1498 soluat
3765 1433 3902 1522 pro
3966 1420 4213 1499 banno
4247 1445 4384 1498 -so-

1201 1576 1443 1657 lidum
1496 1604 1522 1656 1
1576 1576 1869 1681 quoties
1941 1574 2470 1656 contrafecerit.
2529 1591 2605 1655 et
2668 1600 2983 1679 persona
3056 1574 3359 1655 soluens
3421 1574 3637 1655 dictis
3710 1574 4128 1680 pastoribus
4198 1575 4384 1657 ultra

1199 1734 1526 1840 predicta
1581 1731 1925 1815 eamdem
1960 1758 2230 1837 penam
2266 1733 2583 1812 incurrat
2638 1749 2714 1811 et
2746 1729 3072 1837 quelibet
3125 1758 3439 1837 persona
3489 1734 3728 1838 possit
3782 1731 3955 1813 inde
4008 1758 4383 1814 accussare

1203 1909 1282 1972 et
1335 1890 1668 1971 credatur
1723 1889 2211 1971 accussationi
2266 1916 2395 1970 sue
2461 1907 2535 1969 et
2589 1888 2854 1969 habeat
2922 1889 3217 1969 tertiam
3279 1907 3564 1994 partem
3639 1890 3860 1970 banni
3915 1909 3990 1970 et
4055 1910 4386 1996 potestas

1202 2066 1540 2129 teneatur
1594 2045 1828 2128 facere
1880 2047 2336 2151 preconizari
2392 2072 2608 2152 super
2662 2046 3070 2152 campanile
3141 2045 3549 2127 bennarum
3604 2047 3682 2127 in
3736 2045 4071 2127 kalendis
4133 2049 4377 2150 marcij

1204 2206 1335 2310 qui
1406 2203 1777 2284 uoluerint
1850 2230 2010 2285 esse
2091 2203 2402 2306 uacharij
2488 2203 2834 2284 comunis
2930 2201 3195 2282 faciant
3276 2229 3355 2283 se
3432 2203 3671 2283 scribi.
3753 2203 4021 2309 quibus
4103 2205 4385 2309 scriptis

1208 2359 1578 2466 eligantur
1640 2386 1771 2464 per
1831 2359 2269 2441 conscilium
2333 2361 2459 2465 qui
2532 2385 2635 2439 ex
2697 2359 2878 2464 ipsis
2950 2357 3287 2439 utiliores
3350 2376 3425 2440 et
3490 2360 3954 2464 potentiores
4020 2359 4385 2441 uidebun-

1209 2536 1352 2598 tur.
1390 2516 1550 2624 (4).
1595 2516 1639 2557 '‘
1686 2518 1843 2597 siue
1897 2516 2051 2596 duo
2105 2517 2417 2620 uacharij
2477 2518 2555 2596 in
2611 2516 2814 2622 clapa
2852 2515 2987 2623 (5)
3043 2542 3336 2597 summa
3379 2480 3557 2622 ripe.
3599 2536 3673 2598 et
3710 2518 3787 2597 in
3842 2516 4046 2623 clapa
4083 2519 4297 2598 castri
4342 2518 4386 2557 θ’

1208 2674 1491 2755 scilicet
1553 2675 1632 2754 in
1685 2672 2018 2778 quolibet
2088 2673 2458 2778 quarterio
2532 2699 2663 2754 seu
2730 2692 2937 2754 roata
3009 2699 3222 2754 unus.
3291 2690 3367 2754 et
3425 2673 3630 2779 quod
3694 2673 4019 2779 quelibet
4071 2700 4384 2779 persona

1208 2849 1546 2912 teneatur
1608 2829 1843 2910 facere
1909 2829 2263 2910 custodiri
2327 2856 2495 2910 suas
2558 2829 2831 2910 uachas
2882 2829 3230 2910 uacherio
3296 2831 3406 2910 sui
3472 2830 3805 2935 quarterij
3875 2847 3950 2910 et
4011 2857 4169 2912 non
4230 2829 4390 2935 alijs

1210 2989 1342 3094 qui
1395 3014 1553 3067 non
1609 3003 1855 3067 essent
1909 2984 2002 3065 de
2069 2985 2227 3065 eius
2288 2983 2565 3065 familia
2628 2984 2763 3066 sub
2828 3012 3020 3091 pena
3075 2984 3297 3066 solidi
3351 3013 3377 3065 1
3445 3013 3583 3090 pro
3636 2985 3965 3091 qualibet
4017 2986 4250 3068 bestia
4314 3006 4387 3068 et

1209 3140 1747 3223 nichilominus
1772 3159 2106 3223 teneatur
2144 3139 2555 3221 satisfacere
2593 3140 2797 3220 dicto
2834 3141 3181 3222 uacherio
3213 3140 3307 3221 de
3345 3140 3608 3222 salario
3636 3140 3973 3223 custodie
4030 3142 4388 3222 dictarum

1210 3299 1616 3380 bestiarum
1671 3298 2080 3379 secundum
2133 3296 2455 3378 formam
2508 3296 2727 3378 huius
2781 3281 3101 3403 capituli.
3158 3325 3242 3377 ac
3297 3300 3358 3378 si
3413 3298 3937 3381 custodiuisset
3992 3262 4117 3380 eas
4153 3319 4226 3380 et
4260 3327 4389 3405 po-

1210 3473 1442 3536 testas
1492 3455 1730 3559 possit
1768 3480 1982 3560 super
2034 3453 2381 3559 predictis
2415 3453 2779 3558 inquirere
2818 3473 2891 3534 et
2927 3453 3130 3559 quod
3165 3455 3520 3560 porcharij
3579 3473 3964 3536 teneantur
4018 3456 4388 3537 custodire

1213 3610 1586 3717 porcellos
1648 3628 1866 3693 natos
1928 3611 2005 3690 in
2068 3610 2405 3692 custodia
2466 3611 2802 3716 ipsorum
2864 3613 2988 3716 qui
3053 3610 3320 3692 fuerint
3381 3612 3685 3692 maioris
3745 3580 4104 3718 temporis
4166 3614 4390 3695 trium

1212 3769 1591 3848 mensium
1649 3770 1807 3849 siue
1860 3767 2339 3872 porcellatam
2373 3794 2511 3874 pro
2548 3794 2703 3848 uno
2738 3769 3108 3874 quarterio
3164 3768 3509 3873 silliginis
3562 3786 3842 3874 quanto
3897 3787 4235 3876 tempore
4274 3797 4391 3850 cu-

1215 3923 1568 4005 stodiant.
1625 3924 1722 4004 Et
1774 3922 1921 4004 hoc
1976 3951 2132 4005 non
2194 3925 2434 4029 possit
2493 3926 2866 4005 remoueri
2929 3924 3292 4005 conscilio
3356 3925 3479 4005 uel
3532 3924 3682 4005 alio
3736 3924 4000 4007 modo,
4059 3943 4133 4006 et
4187 3926 4388 4032 quod

1209 4080 1431 4162 liceat
1483 4082 1716 4162 tribus
1766 4082 2106 4187 personis
2160 4100 2235 4162 et
2286 4109 2329 4161 a
2384 4082 2617 4163 tribus
2677 4080 2861 4162 infra
2927 4079 3193 4162 habere
3265 4109 3498 4162 unum
3562 4083 3988 4163 uacherium
4052 4109 4209 4163 non
4263 4083 4393 4165 ob-

1212 4237 1577 4319 stantibus
1638 4237 2005 4343 predictiS.
2071 4238 2165 4318 Et
2227 4238 2431 4344 quod
2501 4256 2835 4344 pastores
2898 4240 3024 4344 qui
3087 4236 3391 4319 fecerint
3461 4264 3539 4319 se
3613 4239 3827 4320 scribi
3900 4241 3978 4318 in
4030 4240 4389 4344 principio

1210 4412 1600 4474 teneantur
1655 4395 1758 4475 ire
1814 4395 2165 4475 continue
2232 4394 2326 4474 ad
2395 4394 2814 4475 custodiam
2885 4393 3247 4474 dictarum
3311 4394 3709 4475 bestiarum
3775 4395 3909 4476 sub
3970 4422 4158 4501 pena
4223 4394 4391 4477 soli·

1213 4547 1488 4629 dorum
1542 4576 1596 4630 x
1648 4578 1784 4654 pro
1840 4551 2163 4655 qualibet
2216 4552 2380 4630 uice
2435 4569 2509 4630 et
2560 4567 2893 4656 potestas
2945 4551 3185 4655 possit
3237 4550 3410 4631 inde
3464 4552 3850 4656 inquirere.

840 4889 934 4967 95
1180 4807 1403 4972 DE
1466 4883 2108 4968 CUSTODIBUS
2171 4885 2658 4967 PRIUATIS.

1330 5133 1390 5198 ΕΙ)
1421 5141 1495 5196 1:852

1322 5231 1389 5309 {³115
1419 5187 1483 5315 ξ
1528 5255 1688 5311 TEM
1742 5249 2101 5313 statutum
2139 5250 2251 5312 est
2286 5233 2490 5338 quod
2544 5252 2876 5339 potestas
2927 5251 3261 5313 teneatur
3300 5251 3375 5313 et
3410 5233 3674 5314 debeat
3726 5250 3978 5314 tenere
4016 5252 4090 5314 et
4126 5231 4392 5315 habere

1210 5388 1477 5494 scripta
1533 5408 1607 5469 et
1675 5391 1754 5470 in
1819 5389 2106 5496 scriptis
2169 5416 2402 5495 usque
2457 5391 2535 5471 in
2590 5390 2823 5470 finem
2879 5391 2991 5471 sui
3044 5389 3433 5495 regiminis
3494 5389 3805 5470 nomina
3876 5390 4221 5471 omnium
4276 5418 4394 5470 cu-

1211 5544 1518 5627 stodum
1571 5548 2029 5653 priuatorum
2086 5546 2494 5628 electorum
2547 5567 2886 5652 tempore
2942 5548 3056 5629 sui
3108 5547 3497 5651 regiminis
3551 5548 3651 5627 ita
3706 5546 4009 5652 quidem
4065 5546 4268 5653 quod
4333 5549 4392 5628 si
