5117 6834
1189 584 1266 682 f·
1393 642 1585 686 van.
1668 581 1821 735 De
1868 629 2239 698 hominibus
2287 627 2595 716 eligendis
2643 627 2721 695 ad
2767 625 3230 714 designandum
3277 625 3598 691 bealeriaS.

1191 828 1266 928 f·
1370 886 1585 931 vam.
1658 826 1821 979 De
1866 897 2001 944 non
2050 873 2341 942 faciendo
2389 872 2651 962 aliquod
2700 869 3017 941 stabulum
3067 874 3233 939 circa
3280 870 3617 959 platheam.

1191 1074 1266 1172 f·
1351 1130 1587 1186 vaum
1663 1071 1818 1224 De
1864 1143 1994 1188 non
2042 1117 2333 1187 faciendo
2379 1121 2597 1206 ignem
2644 1120 2712 1185 in
2760 1117 3077 1204 ayralibus
3126 1134 3302 1184 extra
3346 1114 3586 1183 uillam.

1660 1312 1939 1484 Quod
1984 1361 2155 1431 nulla
2201 1385 2474 1451 persona
2521 1363 2724 1450 possit
2776 1361 3070 1429 edificare
3117 1384 3307 1449 super
3350 1383 3607 1428 murum
3654 1360 3972 1426 comunis.

1665 1556 1942 1728 Qod
1989 1607 2213 1696 aliquis
2258 1630 2390 1675 non
2438 1606 2733 1675 ascendat
2780 1629 2971 1695 super
3014 1608 3388 1696 campanile.

1188 1808 1264 1906 f·
1443 1865 1584 1912 Lxx-
1664 1802 1817 1957 De
1864 1851 2247 1918 saluaticinis
2294 1874 2427 1918 non
2475 1850 2875 1918 extrahendis
2923 1868 3099 1918 extra
3151 1851 3385 1919 uillam.

1665 2047 1820 2202 De
1867 2096 2144 2163 sestariis
2193 2097 2506 2163 comunis,

1187 2299 1262 2397 f·
1413 2353 1580 2400 LXXI.
1665 2290 1820 2447 De
1868 2340 2163 2407 ferrariis,

1186 2542 1264 2641 f·
1391 2597 1581 2644 Lxxn.
1659 2534 1820 2690 De
1868 2574 2307 2651 meretricibus
2355 2600 2416 2650 et
2461 2582 2718 2650 ribaldis
2768 2605 2900 2651 non
2934 2584 3304 2652 recetandis.

1581 2848 1585 2851 ⁴
1666 2778 1818 2933 De
1866 2828 2194 2897 scandallis
2240 2828 2551 2895 tenendis,

1663 3023 1820 3176 De
1865 3073 2293 3141 macellariis.·

1182 3291 1258 3391 f·
1363 3347 1576 3393 Lxxm.
1663 3266 1940 3432 Quod
1987 3318 2191 3408 aliqua
2237 3341 2507 3407 persona
2551 3341 2688 3387 non
2733 3318 3038 3408 impediat
3084 3321 3471 3389 cimiterium
3518 3343 3738 3389 coram
3787 3322 4069 3390 ecclesia.

1181 3537 1256 3635 f.
1342 3591 1578 3639 Lxxuu,
1665 3510 1944 3676 Quod
1991 3564 2164 3629 tiana
2211 3585 2335 3650 que
2383 3580 2479 3629 est
2523 3565 2701 3631 iuxta
2748 3565 3193 3634 cimenterium
3240 3587 3374 3632 non
3421 3567 3503 3633 sit
3549 3566 3874 3655 impedita.

1181 3781 1258 3880 f.
1385 3837 1574 3882 Lxxv.
1669 3753 1944 3923 Quod
1989 3805 2265 3895 quelibet
2311 3829 2583 3895 persona
2628 3806 2851 3875 debeat
2899 3807 3191 3876 claudere
3237 3808 3508 3878 domum
3556 3829 3617 3878 et
3665 3814 4143 3900 possessionem
4190 3836 4370 3881 suam

1984 3975 2155 4040 iuxta
2203 3975 2375 4040 uiam
2421 3974 2577 4061 ripe.

1662 4158 1816 4280 De
1865 4207 2138 4275 stimulis
2185 4230 2316 4276 non
2362 4207 2652 4276 tenendis
2699 4211 2872 4276 iuxta
2919 4210 3090 4275 uiam
3137 4208 3479 4299 publicam.

1179 4421 1256 4519 f·
1322 4477 1577 4523 Lxxvm.
1664 4400 1939 4567 Quod
1984 4474 2115 4519 non
2161 4450 2269 4518 fiat
2315 4450 2655 4519 artificium
2702 4475 2889 4541 super
2935 4475 3213 4520 comune
3258 4454 3323 4520 in
3369 4453 3637 4542 plathea.

1663 4648 1813 4770 De
1859 4719 1990 4765 non
2035 4695 2408 4786 proiciendo
2452 4694 2912 4785 turpitudinem
2959 4698 3028 4764 in
3072 4698 3195 4763 uiis
3245 4697 3513 4785 plathee.

1179 4909 1254 5008 f·
1343 4964 1574 5011 Lxxxn.
1667 4890 2035 5058 Qualiter
2082 4963 2242 5030 aqua
2288 4939 2764 5029 grondenarum
2809 4940 3033 5010 debeat
3077 4941 3203 5009 labi
3249 4959 3314 5010 et
3357 4942 3674 5011 discolari.

1178 5155 1254 5253 f·
1313 5149 1568 5256 Lxxxn.
1659 5138 1813 5300 De
1859 5189 2119 5277 priuatis
2164 5204 2228 5254 et
2272 5187 2594 5276 quintanis
2641 5185 3002 5254 claudendis
3047 5187 3220 5254 iuxta
3265 5187 3605 5276 platheam.

1178 5382 1254 5480 f·
1290 5434 1591 5483 Lxxxvm.
1653 5364 1813 5526 De
1858 5414 2158 5482 domibus
2204 5413 2603 5504 coperiendis
2649 5413 2727 5482 de
2772 5415 2970 5502 cupis.
