5117 6834
2205 340 2404 442 VII

741 637 923 717 dicis
992 638 1083 717 ad
1152 637 1296 718 hoc
1380 637 1787 718 constituti.
1866 656 1938 716 et
2013 637 2177 743 ipso
2251 636 2490 715 iudice
2564 655 2901 741 presente
2976 637 3051 715 in
3125 635 3451 716 baennis.
3519 664 3660 741 que
3731 663 3915 717 con-

741 795 1308 899 dempnationes
1348 822 1476 875 seu
1514 793 2022 874 absolutiones
2077 793 2228 898 legi
2267 812 2341 873 et
2378 792 2725 899 publicari
2762 795 3050 899 possint
3096 794 3261 898 ipso
3298 792 3536 874 iudice
3587 793 3910 875 absente.

741 972 814 1033 et
849 971 1187 1058 presente
1226 954 1450 1032 etiam
1490 951 1862 1057 inculpato
1889 951 2009 1032 uel
2050 922 2311 1032 saltem
2350 951 2686 1056 legitime
2724 953 2949 1032 citato
2988 979 3113 1056 per
3150 952 3450 1032 cridam.
3483 953 3581 1032 ita
3612 951 3916 1058 quidem

740 1110 941 1214 quod
999 1110 1273 1190 ibidem
1330 1110 1823 1190 incontinenti
1879 1129 2274 1214 antequam
2328 1108 2421 1189 ad
2487 1109 2685 1189 aliud
2749 1110 3184 1215 procedatur
3247 1136 3374 1214 per
3439 1129 3909 1215 potestatem.

732 1287 1075 1348 teneatur
1130 1268 1284 1374 ipse
1337 1286 1666 1373 potestas
1719 1266 1952 1348 facere
2009 1268 2160 1373 legi
2216 1269 2408 1372 ipsas
2489 1266 3205 1371 condempnationes
3269 1287 3342 1348 et
3397 1266 3905 1349 absolutiones

739 1425 961 1505 banni
1015 1424 1343 1532 predicti.
1412 1444 1484 1505 et
1556 1425 1701 1505 hoc
1755 1424 2206 1530 intelligatur
2268 1424 2425 1506 fieri
2482 1425 2747 1506 debere
2805 1427 2866 1506 si
2930 1424 3340 1530 inculpatus
3411 1425 3545 1505 erit
3611 1452 3912 1531 presens

741 1603 814 1663 et
871 1612 965 1663 eo
1020 1603 1356 1691 tempore
1414 1611 1566 1688 quo
1619 1602 1949 1688 potestas
2002 1584 2122 1664 uel
2179 1583 2401 1664 iudex
2457 1605 2669 1665 erunt
2705 1583 2827 1664 uel
2866 1585 2979 1664 ius
3017 1582 3464 1664 reddiderint
3520 1584 3910 1664 occasione

740 1741 1084 1821 audiendi
1160 1741 1648 1845 allegationes
1720 1740 2259 1846 inculpatorum
2327 1768 2539 1847 super
2605 1740 2867 1821 bannis
2939 1739 3506 1846 cognoscendis.
3583 1740 3911 1846 alioquin

739 1898 978 1978 dictus
1032 1898 1385 1978 dominus
1437 1917 1765 2003 potestas
1819 1926 1973 1979 non
2011 1900 2247 2004 possit
2302 1898 2631 1978 bannum
2676 1898 2910 1978 ullum
2949 1917 3194 2004 petere
3251 1899 3547 2003 exigere
3603 1896 3723 1977 uel
3780 1897 3912 1977 ha-

739 2056 932 2156 bere.
991 2058 1081 2135 Et
1137 2058 1280 2136 hoc
1338 2055 1787 2161 intelligatur
1841 2056 1934 2136 de
1989 2056 2250 2137 bannis
2304 2057 2853 2161 cognoscendis
2887 2075 3198 2137 tantum.
3258 2076 3330 2136 et
3387 2057 3588 2161 quod
3644 2083 3912 2137 omnes

740 2215 1454 2319 condempnationes
1510 2234 1581 2295 et
1635 2214 2144 2295 absolutiones
2193 2242 2334 2321 que
2371 2214 2551 2295 fient
2608 2217 2685 2295 in
2740 2214 3045 2295 baennis
3098 2234 3254 2294 tarn
3307 2213 3630 2319 predicte
3687 2242 3908 2319 quam

737 2373 876 2452 alie
922 2371 1079 2452 fieri
1136 2393 1210 2452 et
1265 2373 1415 2477 legi
1453 2372 1767 2453 debeant
1804 2373 1928 2453 ubi
1985 2375 2098 2453 ius
2152 2372 2477 2453 redditur
2515 2374 2592 2453 in
2630 2372 2934 2453 baennis
2971 2391 3042 2452 et
3080 2371 3280 2478 quod
3319 2372 3539 2452 iudex
3577 2391 3908 2453 teneatur

735 2528 967 2608 facere
1025 2530 1740 2635 condempnationes
1794 2549 2188 2635 antequam
2243 2530 2533 2611 recedat
2589 2530 2682 2610 de
2736 2528 2932 2610 uilla.

375 2929 463 3006 32
713 2864 1115 3070 QJOD
1168 2948 1589 3028 EMENDE
1643 2946 2111 3028 COMUNIS
2165 2948 2590 3031 DENTUR
2645 2949 2718 3028 A
2772 2949 3324 3033 CLAUARIO.
3426 2953 3561 3060 (1)

837 3159 1026 3362 Q
1052 3291 1207 3345 TEM
1262 3285 1596 3346 teneatur
1650 3285 1978 3371 potestas
2033 3267 2264 3347 facere
2305 3266 2497 3346 solui
2545 3286 2618 3346 et
2665 3267 2818 3347 dari
2867 3266 3220 3347 emendas
3265 3293 3532 3348 omnes
3588 3268 3906 3349 clauario

730 3423 849 3503 uel
886 3423 978 3502 ad
1016 3423 1160 3502 hoc
1198 3424 1606 3503 constituto
1643 3451 1864 3529 quam
1913 3425 2063 3504 cito
2109 3423 2434 3504 bannum
2475 3423 2803 3505 soluetur
2858 3426 3078 3504 curie.
3136 3444 3209 3504 et
3263 3424 3407 3505 hoc
3464 3452 3618 3505 non
3670 3427 3905 3532 possit

732 3583 1100 3660 remoueri
1147 3580 1504 3661 conscilio
1559 3581 1679 3661 uel
1734 3581 1881 3662 alio
1936 3582 2196 3662 modo.
2256 3602 2328 3662 et
2385 3582 2656 3662 eodem
2694 3581 2930 3662 modo
2967 3602 3297 3663 teneatur
3345 3603 3683 3664 excutere
3730 3583 3906 3665 alias

734 3740 1085 3819 emendas
1139 3766 1360 3840 quam
1419 3742 1569 3819 cito
1629 3741 1946 3820 excutiet
2001 3739 2261 3820 banna.
2322 3759 2394 3819 et
2453 3740 2623 3820 dare
2681 3741 2873 3845 ipsas
2928 3740 3504 3822 substinentibus
3559 3741 3900 3849 dampna.

379 4127 460 4203 33
710 4070 930 4232 DE
986 4151 1575 4235 CAUALARIA
1634 4162 1769 4268 (2)
1821 4097 2212 4235 DANDA.

831 4362 1022 4566 Q
1052 4500 1207 4555 TEM
1248 4486 1603 4555 statutum
1642 4494 1752 4555 est
1789 4474 1990 4579 quod
2030 4475 2228 4555 nulla
2265 4502 2578 4580 persona
2618 4504 2772 4558 non
2811 4477 3114 4557 soluens
3149 4478 3442 4558 fodrum
3482 4478 3602 4558 uel
3649 4478 3899 4558 taliam

736 4633 810 4711 in
866 4634 1193 4712 baennis,
1253 4653 1325 4712 et
1365 4660 1517 4712 non
1556 4632 1892 4713 habitans
1928 4630 2204 4713 ibidem
2261 4660 2432 4713 cum
2488 4654 2645 4738 tota
2702 4634 2975 4715 familia
3015 4662 3142 4715 sua
3178 4638 3413 4740 possit
3458 4664 3594 4716 nec
3640 4636 3900 4717 debeat

733 4790 997 4870 habere
1053 4818 1094 4869 a
1149 4792 1452 4870 comuni
1491 4790 1938 4870 baennarum
1976 4790 2296 4896 aliquam
2335 4792 2768 4872 caualariam
2807 4820 2944 4872 nec
2982 4819 3197 4872 euam
3235 4794 3370 4901 (3)
3406 4794 3725 4899 aliquam
3773 4822 3897 4874 seu
4002 4864 4009 4870 .

736 4968 1115 5028 scontrum
1172 4949 1305 5054 (4)
1363 4951 1754 5029 occasione
1793 4948 2097 5029 alicuius
2135 4949 2511 5030 caualarie.
2554 4970 2626 5030 et
2665 4952 2808 5030 hoc
2849 4976 2999 5030 non
3040 4952 3274 5054 possit
3313 4954 3677 5031 remoueri
3728 4979 3902 5031 con-

736 5106 944 5185 scilio
1000 5107 1118 5186 uel
1176 5106 1324 5188 alio
1381 5108 1639 5187 mod0.
3738 5136 3781 5204 ,τ
