5117 6834
751 666 899 744 251

754 2296 905 2375 252

1120 563 1521 769 QJOD
1578 642 2171 725 ELIGANTUR
2226 640 2451 720 DUO
2510 639 2981 719 HOMINES
3019 640 3160 718 AD
3200 638 3890 718 ESTIMANDUM
3945 637 4295 718 OMNIA

1431 803 1871 884 DAMPNA
1929 802 2146 898 QUE
2200 799 2612 880 DEBENT
2669 798 2739 877 A
2798 797 3342 878 CAMPARIIS
3398 797 3957 877 EMENDARI.

1249 1022 1435 1223 ἕξ
1469 1137 1624 1191 TEM
1701 1130 2061 1190 statutum
2119 1129 2230 1189 est
2287 1109 2489 1214 quod
2550 1108 2919 1214 eligantur
2975 1109 3129 1188 duo
3183 1093 3535 1190 homines
3616 1113 3741 1216 qui
3816 1131 4207 1193 teneantur
4264 1135 4337 1193 et

1149 1268 1473 1373 debeant·
1523 1270 1864 1348 estimare
1923 1269 2178 1348 omnia
2261 1268 2583 1372 dampna
2664 1294 2805 1372 que
2880 1268 3224 1372 camparii
3283 1269 3677 1349 emendare
3743 1274 4189 1352 tenebuntur
4243 1272 4336 1352 de

1150 1427 1383 1506 tribus
1441 1428 1515 1506 in
1570 1427 1803 1506 tribus
1877 1426 2280 1506 mensibus.
2342 1427 2466 1531 qui
2525 1425 2842 1505 habeant
2915 1451 3050 1529 pro
3124 1453 3385 1506 eorum
3462 1426 3750 1508 salario,
3835 1447 3989 1508 tarn
4047 1457 4088 1508 a
4145 1457 4338 1511 cam-

1149 1586 1356 1689 pario
1395 1612 1618 1689 quarn
1657 1614 1698 1663 a
1736 1584 1971 1688 passis
2008 1583 2417 1688 dampnum
2457 1601 2658 1656 solidos
2694 1617 2754 1655 111
2791 1617 2886 1671 pro
2922 1602 3174 1672 quolibet.
3229 1603 3303 1664 et
3338 1584 3646 1688 predicti
3697 1585 3910 1665 electi
3948 1606 4337 1667 teneantur

1153 1743 1384 1821 iurare
1443 1742 1783 1822 estimare
1842 1740 2162 1846 dampna
2218 1739 2541 1845 predicta
2597 1739 2795 1820 bona
2851 1740 3022 1820 fide.
3115 1826 3122 1832 ,

1127 2195 1348 2358 DE
1403 2271 1639 2352 NON
1695 2268 2338 2349 DEBENTIBUS
2395 2266 2708 2346 FLERE
2763 2264 3282 2357 MORTUOS
3339 2264 3619 2343 ALTA
3676 2263 3980 2343 UOCE.

1255 2490 1440 2689 ἕξ
1471 2613 1626 2665 TEM
1684 2602 2039 2664 statutum
2097 2602 2209 2663 est
2266 2582 2469 2688 quod
2507 2582 2750 2687 aliqua
2787 2611 3101 2687 persona
3140 2583 3232 2662 de
3274 2585 3578 2664 baennis
3633 2611 3788 2664 non
3846 2585 4108 2666 debeat
4163 2586 4337 2667 flere

1154 2746 1297 2825 alta
1353 2771 1564 2823 uoce.
1627 2770 1762 2822 nec
1819 2741 2102 2846 palmas
2157 2739 2249 2820 ad
2307 2741 2631 2819 inuicem
2687 2758 3064 2843 percutere
3140 2742 3532 2821 occasione
3616 2741 3924 2823 alicuius
4006 2746 4340 2849 corporis

1156 2902 1434 2982 mortui
1490 2918 1887 3005 postquam
1944 2896 2124 2976 illud
2183 2924 2451 3001 corpus
2488 2915 2874 2976 mortuum
2933 2916 3127 2977 esset
3184 2916 3594 2978 extractum
3652 2897 3744 2978 de
3803 2899 4041 2980 domo
4082 2901 4157 2980 in
4197 2930 4339 3006 qua

1159 3079 1374 3140 esset.
1436 3085 1571 3137 nec
1629 3058 1850 3135 etiarn
1911 3057 1986 3135 in
2045 3054 2350 3134 ecclesia
2407 3056 2480 3132 in
2539 3082 2682 3159 qua
2736 3073 3114 3159 portatum
3171 3054 3448 3135 fuisset.
3528 3084 3665 3135 nec
3741 3059 3815 3136 in
3901 3050 4339 3139 ciment'erio

1159 3219 1234 3297 in
1291 3244 1442 3322 quo
1500 3213 1977 3319 sepelliretur.
2037 3212 2384 3292 uidelicet
2441 3214 2517 3291 in
2575 3212 2695 3291 illa
2753 3213 2871 3291 die
2931 3213 3006 3292 in
3063 3240 3205 3317 qua
3262 3234 3456 3293 esset
3513 3214 3881 3319 sepultum
3962 3215 4096 3295 sub
4152 3244 4339 3321 pena

1161 3396 1232 3455 et
1290 3375 1539 3455 banno
1597 3361 2015 3452 solidorum
2073 3396 2176 3450 xx
2230 3397 2365 3474 pro
2422 3368 2748 3473 qualibet
2828 3397 3145 3473 persona
3229 3394 3301 3450 et
3383 3370 3707 3475 qualibet
3763 3372 3947 3453 uice.
4008 3392 4081 3453 et
4137 3372 4344 3454 fami-

1162 3535 1374 3614 liares
1429 3532 1719 3611 domini
1776 3498 2169 3634 potestatis
2223 3529 2514 3631 possint
2569 3554 2929 3607 accusare.
2990 3546 3062 3607 et
3118 3528 3423 3632 quilibet
3505 3528 3691 3609 alius
3744 3530 4208 3613 denunciare.
4269 3551 4343 3613 et

1160 3689 1493 3770 credatur
1548 3689 1685 3767 nisi
1747 3687 2198 3767 contrarium
2252 3688 2706 3790 probaretur.
2764 3712 2901 3764 nec
2956 3685 3198 3791 aliqua
3237 3714 3550 3791 persona
3588 3715 3730 3793 que
3783 3690 4088 3771 attineat
4126 3690 4339 3771 alicui

1160 3867 1466 3928 mortuo
1522 3874 1680 3927 non
1732 3846 1971 3950 possit
2028 3871 2164 3924 nec
2221 3843 2486 3924 debeat
2525 3844 2921 3923 occasione
2961 3846 3228 3924 mortis
3266 3844 3464 3925 illius
3502 3873 3579 3925 se
3620 3847 3922 3928 induere
3961 3848 4055 3928 de
4092 3849 4343 3953 aliquo

1158 4035 1409 4113 panno
1465 4007 1710 4110 nigro,
1772 4030 1900 4083 seu
1957 4003 2153 4107 nigri
2211 4001 2488 4081 coloris
2526 4021 2834 4106 excepta
2873 4029 3104 4082 uxore
3140 4031 3276 4107 pro
3316 4006 3608 4085 marito.
3653 4005 3787 4085 sub
3827 4006 4090 4087 eadem
4127 4036 4339 4113 pena.

1162 4183 1235 4245 et
1288 4166 1606 4246 habeant
1660 4162 1834 4243 dicti
1893 4180 2357 4242 accusatores
2409 4160 2707 4240 tertiam
2763 4179 3048 4265 partem
3101 4161 3350 4241 banni.
