5117 6834
1159 689 1215 733 et
1248 678 1629 733 nichilominus
1666 694 1801 749 pena
1837 678 2009 733 soluta
2045 678 2131 732 vel
2167 694 2278 732 non
2315 689 2596 733 teneantur
2632 678 2772 732 dicte
2808 689 2981 749 partes
3017 658 3298 734 obseruare
3335 679 3566 750 predicta
3603 680 3699 734 snb
3735 680 3924 734 eadem
3962 696 4115 749 pena.
4140 691 4196 735 et
4225 696 4341 750 per-

1160 817 1294 857 sona
1331 817 1434 873 que
1469 802 1815 857 recussauerit
1849 800 1940 856 uel
1971 813 2291 863 recussasset
2325 817 2384 855 se
2419 801 2852 872 compromittere
2887 801 2945 855 in
2981 801 3135 856 dictis
3170 802 3492 873 sapientibus
3517 813 3576 856 ut
3598 802 3894 873 predictum
3930 815 4011 857 est
4047 814 4100 858 et
4136 803 4341 857 steterit

1159 942 1252 996 per
1287 937 1394 980 tres
1429 925 1544 980 dies
1580 925 1719 979 vltra
1754 926 1820 979 ad
1857 940 1915 980 se
1952 925 2497 995 compromittentium
2532 925 2622 980 vel
2658 937 2961 995 presentare
2996 926 3337 982 obseruatura
3362 926 3595 996 predicta
3619 943 3801 981 coram
3823 926 4048 981 domino
4083 938 4344 998 potestate

1159 1059 1441 1120 postquam
1478 1047 1603 1102 inde
1637 1047 1910 1119 requisitio
1938 1047 2075 1103 facta
2098 1060 2237 1104 esset
2272 1049 2503 1102 incurrat
2540 1064 2732 1118 penam
2759 1047 3012 1103 librarum
3034 1048 3223 1104 decem
3247 1049 3556 1105 astensium.
3584 1049 3650 1103 Et
3673 1050 3907 1121 quelibet
3932 1067 4156 1120 persona
4180 1015 4348 1122 possit

1158 1171 1288 1226 inde
1323 1169 1765 1227 contrafacientes
1801 1188 2075 1226 accussat-e
2112 1183 2165 1226 et
2189 1171 2239 1225 ei
2263 1171 2560 1227 iuramento
2597 1171 2838 1226 credatur
2875 1183 2928 1225 et
2962 1171 3154 1226 habeat
3187 1172 3400 1227 tertiam
3437 1183 3643 1243 partem
3680 1174 3844 1227 banni
3879 1185 3934 1227 et
3969 1173 4219 1227 dominus
4257 1190 4344 1244 po-

1159 1304 1322 1349 testas
1357 1294 1447 1366 qui
1482 1310 1624 1349 nunc
1660 1307 1740 1348 est
1777 1293 1862 1348 vel
1898 1295 1987 1365 qui
2025 1310 2121 1364 pro
2155 1305 2397 1365 tempore
2434 1294 2589 1350 fuerit
2625 1295 2790 1366 possit
2825 1295 2949 1349 inde
3002 1294 3278 1366 inquirere.
3320 1295 3387 1350 Et
3421 1296 3562 1366 quod
3599 1312 3632 1350 a
3668 1296 3900 1366 predicta
3953 1296 4219 1350 sententia
4257 1296 4345 1351 vel

1159 1417 1438 1472 sententiis
1474 1417 1597 1472 latis
1629 1434 1786 1487 super
1820 1418 1973 1472 dictis
2008 1417 2374 1501 questionibus
2411 1418 2586 1490 aliqua
2624 1434 2743 1489 pars
2778 1395 3014 1489 ipsarum
3039 1434 3149 1472 non
3173 1418 3340 1489 possit
3362 1418 3628 1489 appellare
3652 1419 3831 1490 aliquo
3854 1420 4018 1474 modo
4041 1436 4135 1474 seu
4172 1420 4343 1490 ipsam

1162 1541 1486 1596 sententiam
1520 1557 1786 1596 reuocare.
1824 1540 1890 1594 Et
1925 1542 2068 1613 quod
2104 1542 2232 1596 dicti
2266 1542 2532 1612 sapientes
2568 1541 2800 1596 habeant
2837 1558 2933 1612 pro
2968 1541 3202 1612 qualibet
3237 1541 3501 1619 sententia
3526 1558 3689 1613 quam
3714 1540 3983 1596 finiuerint
4007 1559 4039 1596 a
4062 1542 4247 1597 solidis
4269 1558 4343 1598 Lx

1161 1662 1299 1718 infra
1334 1662 1533 1718 solidos
1569 1679 1632 1719 111
1667 1675 1722 1717 et
1756 1664 1823 1717 ab
1857 1663 1983 1717 inde
2018 1680 2174 1734 supra
2229 1679 2325 1734 pro
2378 1663 2612 1735 qualibet
2665 1663 2797 1718 libra
2851 1675 2904 1718 et
2958 1663 3193 1736 qualibet
3228 1663 3493 1718 sententia
3531 1680 3622 1734 per
3658 1664 3920 1746 predictos
3957 1664 4045 1718 vel
4081 1665 4343 1738 maiorem

1164 1797 1371 1857 partem
1406 1787 1642 1857 ipsorum
1677 1787 1922 1841 denarios
1959 1798 2222 1858 quattuor.
2263 1787 2328 1841 Et
2363 1797 2607 1841 teneatur
2644 1803 2869 1858 persona
2893 1803 2995 1859 que
3020 1786 3289 1841 amitteret
3325 1787 3522 1841 dictam
3558 1788 3882 1842 sententiam
3917 1787 4127 1842 soluere
4163 1788 4346 1842 incon-

1162 1909 1359 1966 tinenti
1395 1910 1597 1965 dictum
1633 1909 1885 1964 salarium
1922 1909 2075 1964 dictis
2110 1910 2452 1981 sapientibus.
2490 1909 2626 1964 Item
2664 1921 2945 1982 postquam
2981 1909 3189 1981 questio
3225 1910 3435 1980 incepta
3463 1909 3614 1964 fuerit
3639 1927 3821 1966 coram
3845 1911 3998 1966 dictis
4021 1909 4347 1981 sapientibus

1164 2033 1357 2087 debeat
1390 2033 1663 2088 terminari
1699 2049 1791 2103 per
1827 2032 1947 2087 illos
1983 2033 2038 2087 in
2074 2032 2261 2105 quibus
2299 2032 2497 2087 sactum
2534 2032 2691 2087 fuerit
2727 2033 3186 2104 compromissum.
3227 2044 3282 2087 et
3316 2034 3458 2104 quod
3510 2045 3743 2104 potestas
3795 2046 4042 2088 teneatur
4077 2033 4201 2087 illos
4238 2049 4340 2088 con

1110 2125 1114 2130 η
1164 2155 1425 2226 stringere
1462 2167 1520 2209 vt
1555 2155 1843 2210 terminent
1880 2167 1934 2210 et
1969 2154 2158 2210 finiant
2193 2156 2391 2210 dictam
2426 2156 2762 2227 questionem
2800 2156 2855 2208 in
2890 2156 3016 2226 ipsis
3054 2156 3359 2226 impositam
3396 2156 3689 2211 secundum
3726 2156 3955 2211 formam
3979 2157 4235 2228 presentis
4258 2173 4342 2212 or·

1166 2277 1462 2332 dinamenti
1499 2295 1605 2333 non
1644 2279 1888 2334 obstante
1923 2277 2098 2349 aliqua
2134 2278 2417 2333 ellectione
2455 2278 2590 2332 sacta
2626 2279 2680 2331 in
2720 2278 2959 2333 consilio,
3000 2278 3135 2333 Item
3171 2278 3299 2333 dicti
3322 2278 3585 2349 sapientes
3610 2279 3913 2350 questiones
3950 2280 4007 2334 in
4041 2281 4169 2351 ipsis
4204 2297 4346 2335 com-

1165 2393 1453 2464 promissas
1488 2403 1769 2447 teneantur
1804 2404 1859 2447 et
1893 2393 2121 2447 debeant
2156 2393 2470 2447 terminasse
2506 2404 2560 2447 et
2597 2391 2774 2448 finisse
2810 2392 2947 2446 infra
2983 2409 3227 2447 mensem
3263 2409 3433 2447 vnum
3458 2391 3610 2447 finito
3646 2405 3885 2464 tempore
3921 2410 4110 2449 eorum
4146 2394 4344 2449 officii:

1163 2515 1209 2569 si
1245 2515 1383 2586 ipsas
1419 2526 1544 2570 ante
1579 2532 1692 2570 non
1728 2518 2117 2571 terminassent.
2155 2517 2251 2570 sub
2289 2532 2424 2587 pena
2459 2516 2757 2571 solidorum
2792 2515 2983 2583 viginti
3019 2515 3310 2570 astensium
3347 2532 3442 2586 pro
3479 2516 3716 2587 quolibet
3752 2516 4006 2587 ipsorum.
4043 2518 4130 2583 (2)

1417 2864 1632 3020 La
1678 2920 2269 3056 suoprascrita
2316 2920 2568 3055 copia
2618 2916 2794 3020 deli
2839 2919 3151 3020 statuti
3193 2916 3427 3021 della
3476 2919 3921 3020 comunita
3968 2916 4065 3021 di
4110 2921 4349 3021 Bene

1168 3120 1210 3216 ἑ
1286 3127 1521 3215 stata
1594 3128 1916 3213 cauata
1989 3109 2146 3214 dal
2204 3113 2569 3250 proprio
2641 3109 3073 3248 originale
3144 3109 3324 3213 deli
3389 3112 3699 3214 statuti
3765 3109 3863 3214 di
3930 3148 4121 3214 essa
4210 3150 4345 3215 co-

1168 3306 1521 3408 munita
1592 3305 1879 3406 scritti
1951 3305 2042 3406 in
2116 3306 2671 3442 Bergamina
2744 3305 3074 3442 copiati
3142 3301 3260 3406 da
3321 3308 3562 3441 posti
3621 3341 3781 3407 con
3824 3302 3913 3407 la
3952 3303 4346 3410 Rubrica

1156 3493 1667 3637 precedente
1738 3496 2220 3599 continenti
2286 3512 2457 3598 otto
2495 3503 2498 3504 *
2531 3493 2984 3599 collationi
3090 3496 3658 3602 comincianti
3745 3494 3867 3600 ad
3911 3495 4346 3600 ‘honorem

1170 3688 1316 3792 dei
1382 3705 1466 3791 et
1533 3691 2053 3793 Beatissime
2129 3691 2441 3792 Marie
2491 3690 2931 3826 ‚Virginis
3006 3705 3089 3791 et
3159 3686 3232 3792 il
3287 3692 3588 3828 primo
3660 3706 3985 3827 statuto
4035 3693 4180 3792 De
4221 3693 4348 3792 iu-

1170 3863 1570 3986 ramento
1644 3880 1920 4022 officio
1994 3899 2078 3986 et
2146 3884 2572 4020 regimine
2632 3883 3088 4021 potestatis
3160 3920 3203 3985 e
3281 3881 3660 3986 l’ultimo
3742 3886 3886 3986 De
3976 3902 4351 4022 quatuor

1171 4075 1712 4213 sapientibus
1785 4096 2044 4215 super
2121 4074 2708 4214 questionibus
2780 4074 3190 4180 sedandis
3253 4096 3419 4215 per
3529 4114 3667 4179 me
3739 4080 4034 4216 ogerio
4104 4075 4354 4215 gallo
4497 4194 4501 4198 ,

1177 4268 1511 4370 nodaro
1571 4266 1929 4406 publico
1967 4305 2010 4370 e
2058 4267 2157 4370 di
2188 4265 2423 4398 detta
2460 4271 2908 4372 comunita
2980 4271 3062 4372 si
3129 4286 3479 4372 certano
3530 4270 3627 4372 di
3659 4272 4035 4407 propria
4086 4306 4353 4374 mano

1178 4462 1462 4563 scritti
1531 4459 1626 4562 di
1719 4462 2221 4564 comissione
2332 4477 2416 4563 et
2521 4459 2821 4565 ordine
2931 4460 3074 4564 del
3176 4465 3597 4602 consigiio
3671 4501 3714 4566 e
3807 4482 4105 4602 questo
4217 4462 4361 4567 del

1183 4689 1418 4757 anno
1490 4650 1730 4756 mille
1801 4654 2350 4807 cinquecento
2426 4672 2876 4793 quaranta
2946 4657 3322 4794 cinque„
3458 4654 3463 4659 ⁶

1463 4848 1576 4951 In
1622 4845 1838 4985 fede
1909 4844 2054 4949 del
2119 4845 2266 4949 che
2304 4849 2436 4951 mi
2467 4885 2674 4950 sono
2750 4846 3544 4953 tabellionalmente
3583 4867 3665 4952 et
3700 4848 4356 4953 manualmente

1180 5043 1707 5179 sotosignato
1801 5096 1805 5100 ·

3329 5223 3818 5327 GALLO.
