5117 6834
1143 571 1650 651 iurisdictione
1706 569 1948 676 aliqua
2003 570 2208 676 ligna
2263 572 2551 651 minuta
2609 571 2757 651 sica
2815 569 3060 651 soluat
3115 598 3252 676 pro
3306 565 3496 675 pena
3536 589 3611 650 et
3647 570 3899 652 banno
3940 569 4229 652 solidos
4265 599 4343 655 111

1141 731 1338 810 curie
1397 748 1470 809 et
1524 728 1846 810 totidem
1902 757 2039 834 pro
2096 728 2438 809 emenda.
2471 748 2546 809 et
2604 728 2930 834 quelibet
2984 730 3222 836 possit
3278 728 3453 810 inde
3510 755 3852 810 accusare
3906 749 3980 810 et
4036 732 4105 812 ei
4162 732 4345 812 iura-

1140 905 1402 967 mento
1459 885 1794 966 credatur
1848 905 1923 966 et
1978 883 2244 966 habeat
2297 888 2596 967 tertiam
2648 905 2936 992 partem
2993 887 3241 967 banni.

743 1336 897 1394 200
1097 1252 1512 1465 QJoD
1551 1337 1860 1420 NEMO
1895 1336 2263 1420 PosslT
2291 1335 2708 1420 TENERE
2742 1330 3234 1431 ALIQUAM
3268 1325 3718 1411 BESTIAM
3756 1322 4311 1407 PoRcmAM

1420 1496 1527 1579 IN
1585 1496 1893 1579 UILLA
1948 1495 2629 1579 BAENNARUM.

1241 1701 1405 1877 ΞΙΞἹ,
1455 1809 1612 1864 TEM
1668 1801 2026 1864 statutum
2085 1800 2197 1862 est
2253 1782 2456 1886 quod
2511 1780 2757 1887 aliqua
2810 1809 3127 1887 persona
3201 1809 3359 1862 non
3414 1783 3654 1888 possit
3709 1801 3962 1863 tenere
4017 1782 4341 1888 aliquam

1135 1941 1471 2021 bestiam·
1520 1942 1907 2046 porcinam
1972 1941 2050 2022 in
2115 1938 2290 2020 uilla
2357 1939 2813 2020 baennarum
2887 1938 2978 2019 ad
3046 1939 3392 2019 domum.
3471 1939 3603 2020 sed
3677 1959 4014 2021 teneatur
4087 1968 4341 2021 cazare

1134 2099 1328 2204 ipsas
1382 2098 1654 2179 bestias
1707 2099 2050 2204 porcinas
2104 2097 2196 2178 ad
2252 2098 2710 2204 pascendum
2747 2099 2844 2178 in
2899 2116 3273 2203 pasturam
3330 2099 3408 2177 in
3465 2099 3747 2204 campis
3810 2100 4165 2180 continue
4223 2129 4341 2180 ex-

1134 2258 1368 2361 ceptis
1424 2257 1682 2337 bestiis
1738 2255 2296 2362 impinguandis
2350 2255 2443 2336 ad
2500 2255 3121 2336 interficiendum.
3182 2275 3255 2336 et
3292 2255 3639 2361 porcellis
3692 2258 4159 2363 pupantibus,
4218 2261 4344 2364 qui

1052 2457 1057 2462 ·
1133 2416 1423 2519 possint
1480 2416 1713 2495 teneri
1770 2441 2003 2519 usque
2060 2413 2151 2494 ad
2209 2434 2359 2495 tres
2413 2441 2737 2496 menses.
2798 2433 2870 2494 et
2927 2416 3257 2520 exceptis
3300 2434 3523 2519 >troys
3576 2415 4137 2521 pregnantibus.
4197 2444 4339 2522 que

1133 2574 1425 2679 possint
1480 2574 1581 2652 ibi
1637 2574 1871 2653 teneri
1926 2591 2326 2679 postquam
2383 2572 2916 2678 porcellassent
2987 2600 3118 2678 per
3191 2592 3343 2654 tres
3399 2573 3831 2654 edomadaS.
3896 2593 3970 2654 et
4024 2601 4343 2679 persona

1137 2757 1280 2837 que
1337 2731 1849 2813 contrafecerit
1904 2729 2146 2812 soluat
2198 2759 2335 2837 pro
2389 2759 2580 2837 pena
2634 2759 2771 2837 pro
2827 2731 3151 2836 qualibet
3207 2730 3327 2812 die
3386 2751 3460 2812 et
3517 2720 4116 2837 qualibet'bestia
4173 2733 4345 2813 soli-

1138 2890 1281 2970 dos
1334 2917 1436 2971 111.
1496 2909 1570 2970 et
1625 2889 1951 2996 quelibet
2004 2916 2320 2996 persona
2375 2891 2613 2995 possit
2671 2889 2844 2969 inde
2882 2916 3245 2970 accusare.
3289 2909 3363 2970 et
3400 2889 3734 2971 credatur
3774 2892 3841 2972 ei
3896 2893 4341 2973 iuramento.

1138 3069 1212 3131 et
1266 3049 1532 3130 habeat
1586 3050 1881 3129 tertiam
1940 3067 2223 3154 partem
2281 3048 2503 3163 banni
2563 3067 2636 3128 et
2692 3066 3028 3129 teneatur
3102 3050 3409 3155 priuata.
3487 3068 3561 3129 et
3615 3049 3710 3130 de
3766 3049 4026 3131 bestiis
4079 3051 4344 3157 impin-

1137 3199 1457 3324 guandis
1511 3207 1845 3288 credatur
1901 3171 2320 3287 iuramento
2377 3234 2515 3287 suo
2574 3205 2679 3287 illi
2737 3208 2947 3287 cuius
3003 3226 3274 3307 essent.
3334 3207 3455 3287 uel
3513 3207 3782 3289 fuerint
3835 3209 4165 3314 predicte
4221 3212 4345 3289 be-

1139 3367 1277 3447 stie
1333 3366 1661 3470 porcine.

741 3810 845 3866 20
859 3810 888 3864 1
1112 3722 1267 3886 Α
1281 3799 1352 3880 D
1410 3800 1702 3898 QUOS
1762 3790 2330 3884 FERRARIOS
2385 3799 2759 3881 LICEAT
2795 3792 3377 3879 HOMINIBUS
3430 3786 4091 3872 BAENNARUM
4144 3785 4309 3867 FA-

1418 3958 1873 4043 BRICARE.
3625 3986 3629 3990 Δ

1237 4163 1315 4253 {¹³13
1371 4168 1422 4265 ἢ

1236 4236 1315 4320 a

1458 4282 1625 4337 TEM·
1672 4256 2029 4336 statutum
2069 4273 2182 4334 est
2219 4254 2423 4360 quod
2479 4252 2697 4334 liceat
2753 4254 3190 4335 hominibus
3246 4254 3701 4335 baennarum
3745 4252 4091 4336 fabricare
4131 4275 4204 4335 et
4244 4255 4339 4336 fa-

1138 4415 1397 4494 bricari
1452 4413 1687 4494 facere
1743 4415 1835 4495 ad
1894 4442 2101 4495 suam
2143 4414 2451 4495 liberam
2489 4413 2964 4496 uoluntatem
3000 4411 3091 4492 ad
3131 4381 3772 4525 masagium-(4)
3810 4413 4342 4518 cuiuscumque

1138 4570 1607 4653 ferrariorum
1663 4572 2116 4653 baennarum
2172 4573 2517 4654 uoluerit.
2603 4573 2749 4653 hoc
2834 4591 3122 4676 tamen.
3171 4569 3409 4651 modo
3494 4589 3569 4651 et
3659 4569 3924 4652 forma.
3992 4570 4345 4652 uidelicet

1142 4730 1346 4835 quod
1406 4728 1733 4835 quelibet
1786 4758 2103 4835 persona
2158 4760 2301 4836 que
2354 4732 2714 4837 'inceperit
2797 4728 3031 4810 facere
3115 4730 3446 4810 fabricari
3528 4755 3701 4809 cum
3755 4756 3913 4809 uno
3969 4729 4344 4811 dictorum

1137 4887 1607 4970 ferrariorum
1663 4893 2018 5005 teneatur
2051 4907 2222 4969 toto
2280 4888 2411 4968 illo
2468 4906 2670 4968 ann'o
2727 4879 2962 4967 iacere
3017 4886 3366 4968 fabricare
3422 4885 3543 4966 uel
3599 4887 3930 4967 fabricari
3968 4887 4164 4967 dicta
4202 4886 4348 4968 fer-

1135 5065 1493 5128 ramenta
1522 5047 1616 5127 ad
1672 5048 2133 5152 massagium
2187 5047 2633 5153 pertinentia
2688 5045 2824 5153 (5)
2879 5044 3180 5125 ferrario
3235 5044 3599 5150 predicto,
3662 5065 3737 5124 et
3793 5046 3864 5124 ei
3922 5045 4339 5125 satisfacere

1136 5207 1231 5286 de
1287 5206 1726 5310 massaggio
1783 5225 1856 5286 et
1912 5207 2005 5286 de
2060 5205 2224 5286 aliis
2279 5205 2533 5286 loeriis
2588 5202 3209 5285 ferramentorum
3248 5203 3452 5282 iuxta
3490 5201 3813 5283 formam
3870 5204 4347 5283 instrumenti

1137 5362 1308 5445 facti
1361 5365 1551 5447 inter
1607 5391 1931 5446 comune
1987 5383 2062 5446 et
2117 5363 2479 5444 ferrarios.
2539 5362 2688 5443 hoc
2744 5381 2999 5443 tamen
3057 5358 3270 5442 saluo
3328 5360 3531 5466 quod
3593 5362 3653 5442 si
3711 5360 3953 5441 dictus
4009 5359 4348 5441 ferrarius

1065 5634 1073 5641 .
1137 5522 1397 5605 nollet.
1454 5523 1572 5604 uel
1631 5552 1789 5604 non
1844 5543 2098 5629 posset
2154 5543 2453 5630 propter
2510 5522 2915 5603 deffectum
2972 5519 3316 5600 carbonis
3399 5518 3518 5599 uel
3586 5519 3728 5600 alia
3784 5521 4184 5601 occasione
4239 5518 4347 5599 fa-
4433 5589 4437 5592 Α
