5117 6834
725 788 932 874 157·

726 2251 872 2354 158

726 3912 873 3994 159

1112 654 1347 837 DE
1399 750 1790 835 INIURIA
1841 750 2160 833 DrcTA
2215 752 2402 835 PER
2456 751 3090 836 EXTRANEos
3126 707 3975 836 HABITATORIBUS
4009 751 4317 834 BAEN-

1437 910 1839 993 NARUM.

1224 1135 1413 1340 Q
1431 1265 1590 1321 TEM
1645 1239 1704 1319 si
1761 1265 1906 1344 qua
1958 1265 2276 1344 persona
2312 1265 2455 1343 que
2492 1213 2653 1319 non
2691 1239 2785 1319 sit
2822 1238 2916 1319 de
2955 1238 3263 1320 baennis
3307 1237 3580 1319 dixerit
3615 1236 3831 1318 alicui
3869 1237 3962 1318 de
4000 1236 4314 1318 baennis

1114 1398 1459 1478 iniuriam
1496 1398 1618 1478 uel
1656 1395 1956 1503 aliquod
2013 1398 2323 1478 uerbum
2377 1397 2885 1478 iniuriossum.
2926 1396 3170 1478 soluat
3205 1425 3342 1503 pro
3377 1423 3568 1502 pena
3606 1394 3895 1477 solidos
3930 1423 4030 1475 xx
4060 1396 4122 1475 si
4159 1395 4310 1476 hoc

1111 1558 1383 1638 dixerit
1436 1558 1514 1636 in
1569 1556 1877 1636 baennis
1931 1554 2051 1636 uel
2105 1583 2352 1662 posse.
2429 1575 2504 1636 et
2578 1558 2639 1638 si
2714 1582 2792 1636 se
2849 1556 3467 1637 concordauerint
3520 1556 3936 1636 remittatur
3993 1553 4101 1634 eis
4156 1580 4314 1634 me-

1111 1716 1348 1797 dietas
1400 1713 1614 1822 pene.
2175 1714 2182 1722 ’
2299 1715 2303 1719 Α
2604 1716 2609 1720 ’

1123 2155 1347 2322 DE
1401 2236 1792 2324 INIURIA
1845 2237 2169 2322 DICTA
2221 2239 2839 2323 POTESTATI.

1224 2451 1413 2659 Q
1433 2585 1590 2641 TEM
1645 2561 1707 2640 si
1761 2558 2027 2666 aliquis
2078 2560 2433 2665 potestati
2489 2558 2584 2640 de
2640 2558 2949 2640 baennis
3030 2558 3298 2639 dixerit
3380 2558 3728 2638 iniuriam
3808 2556 3930 2637 uel
3986 2553 4316 2638 dedecus

1112 2717 1235 2799 uel
1289 2717 1600 2798 traditor
1654 2716 1771 2798 uel
1829 2719 2163 2824 periurus
2216 2736 2344 2798 aut
2397 2717 2823 2798 mentimini
2900 2715 3144 2797 soluat
3198 2742 3334 2822 pro
3397 2742 3589 2822 pena
3659 2715 3703 2755 '⁶

3777 2717 4139 2822 quociens
4208 2714 4318 2795 di-

1114 2877 1306 2957 xerit
1357 2877 1401 2917 '⁶
1456 2876 1592 2986 (1)
1649 2877 1938 2958 solidos
1990 2904 2112 2958 Lx.
2173 2878 2234 2958 si
2291 2904 2473 2958 uero
2529 2877 2931 2958 extraxerit
2985 2902 3244 2957 uersus
3325 2902 3499 2955 eum
3573 2873 3901 2981 aliquem
3974 2874 4316 2980 gladium

1114 3038 1305 3117 irato
1360 3037 1643 3118 animo.
1699 3036 1819 3116 uel
1875 3036 2134 3117 animo
2187 3035 2656 3141 percuciendi
2714 3001 2912 3117 eum.
2999 3033 3242 3116 soluat
3294 3062 3431 3140 pro
3485 3061 3676 3140 pena
3731 3032 3951 3114 libras
4003 3061 4076 3115 x.
4134 3061 4321 3139 quo·

1114 3195 1320 3276 ciens
1373 3196 1648 3277 fecerit.
1707 3197 1822 3276 Eo
1879 3194 2089 3292 saluo
2144 3195 2349 3304 quod
2406 3196 2467 3294 si
2522 3194 2787 3300 aliquis
2841 3193 3118 3274 diceret
3197 3194 3599 3300 potestati.
3633 3219 3777 3273 uos
3831 3191 4071 3308 facitis
4127 3192 4318 3272 mihi

1117 3355 1473 3436 oblicum.
1530 3334 1838 3460 penam'
1861 3351 2044 3434 ind'e'
2091 3352 2413 3457 aliquam
2469 3359 2626 3433 non
2684 3345 3115 3434 substineat.

1122 3788 1347 3955 DE
1403 3869 2066 3956 PERCUTIONE
2118 3870 2469 3954 FACTA
2519 3871 2634 3956 IN
2688 3870 3171 3970 PERSONA
3224 3871 3840 3956 POTESTATI.

1223 4086 1415 4293 Q
1433 4225 1594 4280 TEM
1650 4199 1711 4278 si
1766 4217 2221 4303 potestatem
2276 4195 2519 4303 aliqua
2582 4225 2901 4303 persona
2956 4199 3146 4278 irato
3210 4198 3466 4278 animo
3531 4198 3972 4302 percusserit
4037 4197 4322 4304 gladio.

1117 4379 1191 4440 et
1246 4358 1419 4439 inde
1478 4357 1786 4462 sanguis
1841 4356 2176 4437 exiuerit.
2235 4348 2496 4436 soluat'
2532 4385 2671 4461 pro
2724 4383 2918 4463 pena
2971 4356 3194 4437 libras
3229 4383 3274 4437 L
3313 4375 3669 4437 astenses
3712 4358 3775 4437 si
3812 4384 3995 4438 uero
4034 4385 4126 4438 ex
4165 4359 4325 4464 ipsa

1113 4518 1589 4624 percussione
1648 4516 1954 4620 sanguis
2006 4543 2164 4596 non
2222 4516 2559 4596 exiuerit.
2614 4515 2736 4596 uel
2791 4515 3001 4595 aliter
3056 4516 3132 4595 in
3190 4542 3365 4596 eum
3419 4543 3729 4597 manum
3769 4517 4102 4597 iniecerit
4139 4518 4327 4598 iniu-

1112 4677 1339 4757 riose.
1399 4674 1644 4756 soluat
1696 4702 1834 4779 pro
1870 4702 2061 4780 pena
2099 4672 2320 4796 libras
2354 4703 2530 4754 xxv.
2571 4675 2666 4755 Et
2722 4675 2785 4754 si
2842 4673 3134 4754 soluere
3172 4701 3329 4756 non
3366 4695 3623 4781 posset
3661 4675 3785 4756 uel
3821 4674 4060 4756 nollet
4088 4674 4327 4755 dictas

1114 4862 1345 4941 penas
1398 4834 1741 4940 puniatur
1796 4834 1872 4912 in
1927 4859 2246 4938 persona
2300 4833 2605 4914 arbitrio
2686 4832 2979 4913 domini
3063 4835 3392 4939 episcopi
3448 4834 3584 4943 (2)
3638 4834 3760 4915 uel
3820 4836 3978 4915 eius
4033 4834 4323 4915 iudicis.

1115 4994 1208 5074 Et
1265 4994 1324 5074 si
1380 4992 1646 5099 aliquis
1699 5010 2151 5098 potestatem
2204 4990 2673 5073 interfecerit.
2732 4991 2937 5097 quod
2995 4991 3182 5072 deus
3236 4974 3556 5073 auertat.
3615 4992 3860 5073 soluat
3924 4992 4145 5073 libras
4201 5020 4325 5074 cc.

1115 5172 1190 5234 et
1242 5172 1606 5258 perpetuo
1662 5154 1758 5232 sit
1815 5154 2161 5232 bannitus
2216 5170 2289 5231 et
2344 5150 2742 5233 forestatus
2812 5150 2987 5231 uille
3062 5151 3542 5232 baennarum.
3617 5153 3718 5232 ita
3773 5152 3980 5257 quod
4037 5153 4115 5232 in
4170 5153 4328 5257 ipsa

1112 5311 1290 5391 uilla
1342 5310 1671 5391 habitare
1727 5338 1885 5392 non
1938 5311 2201 5417 possit.
2261 5329 2336 5390 et
2391 5311 2452 5391 si
2508 5311 2761 5391 haberi
2824 5311 3099 5417 poterit
3154 5329 3400 5390 morte
3483 5311 3867 5391 moriatur.
3924 5312 4068 5390 nisi
4125 5310 4326 5391 licite

1115 5471 1261 5550 hoc
1317 5469 1570 5550 fecerit
1625 5499 1704 5551 se
1760 5470 2288 5552 deffendendo.
2346 5504 2410 5555 et
2453 5486 2629 5555 idem
2674 5486 3064 5576 intelligatur
3107 5485 3185 5555 de
3233 5487 3265 5521 *
3311 5488 3576 5577 singulis
3631 5486 4010 5555 officialibus
4069 5489 4247 5556 curie
4292 5487 4327 5522 *

1113 5644 1295 5716 saluo
1340 5645 1513 5734 quod
1561 5646 1639 5714 de
1685 5669 1847 5735 pena
1892 5649 2252 5735 pecuniaria
2296 5669 2419 5737 que
2466 5648 2685 5715 locum
2730 5670 2865 5715 non
2911 5647 3138 5714 habeat
3183 5648 3308 5714 nisi
3354 5670 3474 5735 pro
3522 5646 3862 5715 medietate
3908 5647 4041 5738 (3).
