5117 6834
387 1773 467 1825 11

383 4005 468 4058 12

2251 357 2396 457 III

748 680 820 740 et
875 661 1000 765 qui
1056 680 1311 741 contra
1364 660 1611 740 fecerit
1686 660 1926 741 soluat
1980 689 2116 766 pro
2170 688 2358 766 pena
2413 661 2698 742 solidos
2752 689 2802 741 v
2857 664 2914 742 si
2973 662 3332 742 audiuerit
3396 662 3670 742 dictam
3739 664 3911 743 cria-

747 816 1005 897 foram.
1065 837 1138 897 et
1193 819 1314 922 qui
1373 845 1527 898 non
1584 837 1876 898 secutus
1957 818 2169 899 fuerit
2249 837 2697 923 potestatem
2752 819 2871 898 uel
2929 818 3301 899 bandelias
3355 818 3490 927 (1)
3544 818 3635 899 ad
3707 821 3916 900 crias-

746 973 962 1054 foras,
1022 973 1141 1055 uel
1198 976 1258 1055 si
1314 975 1404 1055 ab
1461 977 1567 1055 eis
1622 1002 1700 1055 se
1757 976 2192 1081 separauerit
2240 975 2641 1056 substineat
2690 975 3031 1056 eamdem
3071 971 3362 1081 penam.
3440 975 3649 1057 saluo
3712 978 3914 1082 quod

747 1130 1077 1211 credatur
1133 1132 1428 1213 cuilibet
1484 1160 1795 1238 persone
1835 1134 2004 1213 inde
2043 1132 2405 1237 inculpate
2445 1135 2601 1213 eius
2638 1134 3053 1213 iuramento
3100 1133 3272 1213 inde
3327 1133 3592 1214 habere
3650 1135 3724 1214 in
3761 1162 3916 1240 per-

748 1316 929 1368 sona
986 1290 1282 1369 iustum.
1320 1288 1972 1394 impedimentum:

751 1710 906 1834 DE
943 1779 1097 1835 NON
1135 1780 1385 1836 EUNDO
1420 1782 1552 1836 PER
1588 1781 1860 1836 UILLAM
1896 1782 2075 1837 POST
2113 1782 2449 1836 ULTIMAM
2486 1782 2914 1843 CAMPANAM‚

894 2038 950 2077 ⁷21,
984 2034 1050 2075 ιπ-

887 2098 950 2133 ,ιμ-
982 2082 1043 2145 ⁵13

888 2125 913 2141 Y!

882 2136 951 2209 7⁴«
981 2130 1046 2206 »ὅ
1074 2080 1230 2193 ΤέΜ
1285 2131 1641 2192 statutum
1723 2131 1834 2191 est
1916 2112 2118 2216 quod
2184 2113 2244 2191 si
2299 2112 2563 2216 aliquis
2618 2112 2830 2191 iuerit
2883 2138 3009 2216 per
3064 2110 3319 2191 uillam
3384 2110 3504 2191 uel
3558 2139 3684 2216 per
3756 2113 3914 2226 uias

744 2267 1067 2372 publicas
1120 2288 1290 2373 post
1343 2296 1775 2374 campanam
1829 2269 2167 2349 ultimam
2232 2295 2463 2374 usque
2531 2267 2623 2348 ad
2680 2295 3111 2372 campanam
3166 2269 3690 2348 matutinarum
3755 2270 3912 2348 sine

743 2425 1047 2530 lumine.
1107 2424 1225 2504 uel
1280 2424 1452 2506 foco
1519 2427 1660 2506 nisi
1725 2445 2060 2531 pergeret
2116 2426 2206 2505 ad
2263 2424 2559 2505 furnum
2641 2424 2761 2504 uel
2843 2423 3361 2504 molandinum
3442 2424 3562 2505 uel
3630 2426 3911 2504 ueniret

744 2582 938 2663 inde.
998 2581 1119 2662 uel
1182 2584 1319 2662 nisi
1397 2602 1589 2663 esset
1645 2584 1843 2663 iuxta
1900 2583 2215 2662 domum
2274 2583 2390 2662 uel
2447 2567 2724 2661 curiam
2807 2608 3017 2661 suam
3081 2609 3208 2686 per
3262 2601 3409 2662 tres
3472 2581 3747 2661 domos
3810 2582 3912 2660 ui·

744 2740 946 2821 nales
1000 2740 1090 2820 ab
1146 2759 1448 2845 utraque
1512 2760 1710 2845 parte
1781 2742 1922 2820 uie.
1991 2740 2231 2820 soluat
2296 2767 2430 2844 pro
2486 2766 2674 2843 pena
2745 2739 3419 2844 quocienscumque
3485 2738 3734 2818 fecerit
3798 2765 3913 2819 so-

744 2898 977 2978 lidum
1032 2900 1063 2978 I
1121 2899 1261 2977 nisi
1318 2917 1562 2978 essent
1617 2898 2034 2978 sacerdotes
2089 2897 2207 2976 uel
2263 2896 2487 3001 aliqui
2542 2898 2790 2977 nuncii
2845 2897 2972 3001 qui
3010 2923 3142 2976 eos
3186 2915 3538 3000 peterent.
3593 2896 3712 2977 uel
3772 2897 3933 2986 nisi,

743 3074 988 3135 essent
1044 3056 1136 3135 de
1193 3054 1484 3135 licentia
1539 3054 1945 3159 potestatis.
1982 3052 2124 3133 -uel
2180 3055 2319 3133 nisi
2378 3053 2676 3133 duceret
2727 3054 2963 3133 boues
3020 3053 3314 3133 iunctos
3366 3052 3485 3133 uel
3550 3053 3728 3135 alias
3793 3054 3913 3135 be-

745 3214 942 3292 stias,
1017 3211 1136 3292 uel
1212 3212 1352 3292 nisi
1436 3212 1569 3292 iret
1652 3238 1866 3292 causa
1950 3211 2284 3291 strimite.
2352 3209 2486 3317 (2)
2560 3210 2705 3291 hoc
2773 3209 3148 3290 intellecto
3222 3209 3423 3315 quod
3497 3230 3689 3291 tecta
3742 3204 3910 3293 ‘non

744 3388 1263 3474 computentur
1316 3396 1452 3473 pro
1509 3367 1905 3449 domibus:
1992 3387 2068 3452 Et
2114 3384 2291 3452 saluo
2337 3387 2392 3451 si
2439 3384 2725 3452 habuerit
2770 3383 2938 3451 aliud
2982 3386 3219 3451 iustum
3267 3363 3796 3473 impedimentum
3851 3403 3912 3452 et

745 3526 822 3593 de
869 3527 990 3594 hoc
1038 3526 1326 3594 credatur
1368 3525 1623 3593 cuilibet
1669 3528 2046 3593 iuramento,

755 3906 974 4068 DE
1028 3985 1401 4066 BANNIS
1455 3984 2139 4081 REQUIRENDIS
2195 3985 2382 4067 PER
2443 3986 3141 4067 POTESTATEM
3218 4014 3321 4066 ET
3358 4012 3698 4068 TERMINO
3734 4014 3921 4078 nep-⁴5.-

1025 4147 1438 4203 FENSIONIS.

884 4392 1224 4592 Qum
1278 4500 1609 4561 teneatur
1661 4499 1989 4586 potestas
2027 4479 2196 4560 dare
2254 4507 2385 4560 seu
2439 4479 2593 4559 dari
2631 4481 2862 4559 tacere
2900 4478 3440 4558 deffensionem
3499 4479 3908 4558 bannorum

745 4638 1068 4743 exceptis
1122 4637 1214 4717 de
1271 4636 1649 4727 maleficiis
1703 4638 1888 4718 infra
1925 4657 2090 4717 ⁴tres
2144 4637 2304 4717 dies
2346 4655 2517 4741 post
2563 4635 3067 4715 accusationes
3122 4634 3344 4715 factas
3407 4670 3467 4720 et
3534 4652 3715 4719 aliter
3776 4675 3907 4719 non

741 4799 941 4884 possit
986 4795 1196 4864 ualere
1251 4817 1492 4862 accusa·
1538 4795 1630 4873 Et
1685 4795 1829 4874 hoc
1888 4794 2338 4899 intelligatur
2411 4793 2503 4873 de
2578 4792 2720 4873 illis
2786 4794 2911 4898 qui
2980 4812 3284 4873 manent
3338 4793 3413 4872 in
3469 4792 3641 4873 uilla
3698 4792 3910 4873 baen-

744 4981 1005 5034 narum
1061 4973 1134 5034 et
1189 4980 1343 5033 non
1399 4952 1491 5032 de
1547 4950 1729 5031 aliis,
1787 4951 1922 5057 (3)
2669 4970 2741 5030 et
2795 4950 2997 5054 quod
3036 4950 3128 5030 de
3168 4950 3518 5031 omnibus
3572 4952 3910 5055 personis

744 5113 1105 5191 extraneis
1160 5111 1513 5191 accusatis
1567 5110 1660 5211 de
1715 5109 1864 5190 fine
1902 5109 2352 5234 baennarum
2388 5109 2623 5213 possit
2661 5108 2813 5189 dari
2851 5107 3215 5189 deffensio
3271 5136 3396 5214 per
3449 5128 3906 5189 accusatores

744 5270 1088 5371 ipsarum.
