5117 6834
363 738 508 817 117

368 2661 512 2740 118

364 4800 510 4878 119

2140 293 2505 396 XXVI

741 621 966 787 DE
1020 702 1266 783 IGNE
1319 701 1559 783 NON
1596 700 2113 783 PONENDO
2168 703 2283 783 IN
2336 701 2961 785 NEMORIBUS.

871 918 1232 1122 ΞΞΤΕΜ
1289 1048 1645 1110 statutum
1704 1049 1817 1111 est
1854 1031 2056 1136 quod
2089 1033 2150 1111 si
2178 1030 2420 1136 aliqua
2447 1058 2766 1136 persona
2820 1033 3189 1136 possuerit
3245 1034 3504 1136 ignem
3536 1034 3612 1112 in
3650 1033 3952 1114 boschis

757 1187 1205 1268 comunibus
1260 1207 1334 1268 et
1372 1187 1634 1268 alienis
1670 1188 1993 1269 bannitis
2031 1188 2273 1269 soluat
2310 1217 2447 1293 pro
2488 1192 2735 1269 banno
2765 1191 3070 1295 quocies
3099 1189 3350 1270 fecerit
3389 1189 3675 1271 solidos
3711 1218 3835 1272 Lx.
3877 1210 3950 1271 et

757 1345 1078 1426 totidem
1136 1373 1273 1451 pro
1331 1346 1650 1427 emenda
1703 1347 1747 1386 ‘³‘
1800 1366 2041 1452 preter
2096 1349 2173 1428 in
2229 1349 2484 1429 cessiis
2539 1349 2675 1456 (Ι)
2757 1350 3073 1454 propriis
3127 1347 3248 1428 uel
3306 1350 3753 1429 comunibus
3808 1376 3949 1454 que

759 1523 1007 1584 essent
1061 1505 1138 1583 in
1194 1505 1395 1608 agris
1447 1505 1689 1584 uineis
1742 1504 1865 1585 uel
1918 1505 2084 1585 uiis.
2142 1506 2237 1585 de
2295 1506 2563 1610 quibus
2618 1504 2909 1586 nullum
2964 1509 3294 1586 bannum
3353 1506 3681 1586 soluatur
3716 1507 3760 1546 ‘³‘
3815 1507 3950 1614 (2)

759 1680 833 1741 et
886 1680 1218 1766 potestas
1273 1680 1606 1742 teneatur
1644 1661 1879 1743 facere
1933 1664 2168 1743 iurare
2225 1691 2496 1744 omnes
2558 1664 2964 1745 berbiarios
3001 1664 3136 1771 (3)
3173 1691 3329 1744 non
3367 1692 3645 1769 ponere
3686 1666 3944 1770 ignem

762 1800 1112 1900 in'dictis
1167 1821 1469 1901 boschis
1526 1840 1599 1901 et
1636 1848 1976 1901 accusare
2033 1849 2515 1927 quoscunque
2553 1822 2876 1902 uiderint
2913 1849 3191 1927 ponere
3248 1822 3530 1902 dictum
3589 1823 3847 1927 ignem
3880 1841 3953 1903 et

759 1977 1084 2082 quelibet
1138 2006 1456 2083 persona
1511 1979 1709 2060 bone
1766 1978 1960 2059 fame
2016 1981 2254 2084 possit
2307 2008 2648 2061 accusare
2714 1979 3327 2061 contrafacientes
3384 2000 3459 2060 et
3513 1981 3581 2061 ei
3620 1982 3955 2062 credatur

759 2136 1180 2217 iuramento
1238 2156 1312 2217 et
1366 2139 1634 2217 habeat
1687 2139 1981 2218 tertiam
2038 2157 2322 2243 partem
2378 2139 2603 2219 banni
2660 2158 2734 2219 et
2788 2158 3121 2218 teneatur
3183 2139 3487 2243 priuata.
3572 2166 3667 2219 eo
3742 2139 3951 2220 saluo

757 2294 961 2398 quod
1047 2295 1109 2375 si
1164 2293 1287 2376 ille
1344 2296 1543 2400 ignis
1607 2323 1764 2375 non
1827 2296 2064 2376 ullum
2134 2296 2545 2402 dampnum
2613 2296 2864 2377 fecerit
2919 2296 3199 2377 nullam
3255 2324 3526 2402 penam
3583 2298 3948 2376 incurrat:

746 2570 970 2735 DE
1024 2652 1384 2734 BROPIS
1438 2652 1678 2735 NON
1732 2651 2449 2735 AUFFERENDIS.

889 2883 952 2940 fu
979 2883 1058 2938 ne}

884 2941 951 3046 Ῐῖὲῑ
982 2935 1045 3057 fg
1078 3009 1235 3062 TEM
1291 3001 1652 3063 statutum
1710 3002 1820 3063 est
1859 2983 2062 3087 quod
2101 2983 2365 3088 aliquis
2402 3010 2558 3063 non
2598 2983 2862 3064 debeat
2912 3010 3169 3089 capere
3206 2983 3328 3064 uel
3365 2982 3644 3063 auferre
3683 2983 3951 3099 bropas

756 3142 1142 3221 uinearum
1200 3108 1627 3222 autinorum
1682 3142 1801 3221 uel
1856 3140 2273 3247 plantarum
2326 3139 2628 3221 alienas.
2687 3160 2761 3221 et
2816 3142 2941 3246 qui
2979 3140 3491 3221 contrafecerit
3528 3140 3771 3222 soluat
3814 3169 3951 3246 pro

759 3327 949 3405 pena
1006 3301 1313 3405 quocies
1368 3299 1881 3381 contrafecerit
1934 3300 2029 3380 de
2085 3299 2346 3379 alienis
2399 3296 2774 3379 ueteribus
2830 3299 3119 3380 solidos
3173 3327 3225 3381 x
3282 3301 3478 3380 curie
3518 3319 3592 3380 et
3629 3299 3950 3380 totidem

756 3484 894 3561 pro
952 3457 1293 3538 emenda.
1353 3477 1426 3537 et
1481 3457 1791 3562 quilibet
1843 3459 2081 3562 possit
2163 3485 2502 3538 accusare
2558 3458 2653 3538 de
2710 3486 2848 3538 suo
2923 3457 3252 3564 dampno
3310 3477 3384 3538 et
3440 3458 3775 3538 credatur
3828 3487 3953 3538 ac-

760 3616 1125 3696 cusationi
1185 3643 1338 3696 sue.
1398 3635 1472 3696 et
1528 3617 1653 3720 qui
1709 3615 2071 3720 acceperit
2125 3641 2353 3695 unam
2408 3615 2723 3721 bropam
2790 3615 3031 3696 solam
3083 3616 3127 3655 ‘³‘
3183 3615 3463 3696 nullam
3519 3643 3790 3720 penam
3847 3617 3952 3695 in-

758 3794 994 3855 currat
1048 3774 1092 3814 *
1151 3774 1285 3881 (4)
1342 3793 1415 3854 et
1471 3773 1797 3878 quelibet
1868 3790 2183 3878 persona
2255 3776 2493 3877 possit
2572 3802 2910 3855 accusare
2992 3793 3145 3854 tam
3230 3774 3323 3855 de
3398 3801 3536 3854 suo
3592 3775 3946 3879 dampno,

755 3960 980 4039 quam
1036 3932 1129 4012 de
1186 3897 1456 4012 alieno.
1517 3951 1590 4012 et
1646 3934 1713 4012 ei
1770 3932 2189 4011 iuramento
2228 3932 2586 4012 credatur.
2648 3952 2720 4012 et
2774 3952 3105 4037 potestas
3142 3934 3379 4037 possit
3434 3933 3823 4036 inquirere.
3875 3951 3948 4012 et

752 4092 845 4171 de
905 4091 1154 4195 bropis
1208 4091 1430 4170 nouis
1486 4089 1815 4170 soluatur
1869 4117 2004 4194 pro
2060 4118 2249 4195 pena
2288 4089 2576 4170 solidos
2611 4119 2711 4168 xx
2750 4091 2944 4185 curie
2984 4109 3058 4170 et
3094 4089 3415 4170 totidem
3451 4117 3589 4194 pro
3630 4088 3947 4169 emenda

751 4266 824 4327 et
879 4249 1080 4354 quod
1134 4267 1340 4354 pater
1395 4266 1470 4329 et
1524 4268 1760 4329 mater
1813 4267 2200 4328 teneantur
2256 4247 2546 4328 soluere
2604 4250 2933 4327 bannum
2992 4266 3065 4328 et
3120 4247 3519 4327 emendam
3573 4275 3711 4352 pro
3767 4246 3943 4327 filiis

761 4407 935 4486 suis.

750 4681 973 4847 DE
1029 4760 1463 4843 CANABO
1519 4761 2111 4843 SALUANDO.

894 4986 955 5038 ,ἐϋ
987 4993 1061 5047 ἄμ

887 5104 954 5162 ff
985 5045 1054 5168 ξ
1077 5117 1234 5171 ΤΕΜ
1289 5108 1647 5171 statutum
1688 5108 1799 5170 est
1835 5091 2040 5203 quod
2097 5094 2459 5170 canabum
2515 5092 2932 5196 ubicunque
2972 5092 3067 5172 sit
3104 5092 3178 5171 in
3216 5118 3437 5198 posse
3493 5093 3945 5172 baennarum

758 5248 1047 5328 saluum
1103 5267 1551 5353 permaneat.
1614 5267 1687 5328 et
1743 5249 1802 5328 si
1860 5248 2101 5353 aliqua
2156 5276 2471 5353 persona
2509 5248 2601 5328 de
2640 5250 2844 5329 dicto
2883 5252 3165 5329 canabo
3222 5250 3496 5354 ceperit
3560 5276 3792 5354 usque
3849 5251 3942 5330 ad

757 5406 1087 5487 mediam
1123 5407 1381 5486 ristam
1440 5406 1683 5487 soluat
1736 5435 1872 5511 pro
1928 5434 2114 5512 pena
2171 5406 2459 5489 solidos
2514 5435 2589 5488 v,
2650 5425 2723 5487 et
2779 5409 2840 5487 si
2893 5435 3126 5512 usque
3164 5406 3255 5487 ad
3294 5434 3523 5486 unam
3576 5408 3830 5488 ristam
3871 5427 3946 5489 et

755 5565 941 5645 ultra
979 5566 1277 5670 ceperit.
1319 5593 1551 5671 usque
1591 5565 1682 5645 ad
1721 5592 1957 5644 unum
1998 5562 2239 5646 faxem
2281 5565 2524 5647 soluat
2563 5565 2850 5646 solidos
2885 5595 2956 5647 x.
2999 5585 3073 5646 et
3112 5567 3172 5646 si
3200 5565 3387 5645 ultra
3425 5593 3660 5645 unum
3697 5566 3942 5646 faxem
