5117 6834
2579 408 2864 462 ..80-

2614 740 2806 820 VIII.

1887 956 2486 1049 Regolamento
2541 975 2686 1051 per
2737 959 2814 1031 le
2869 956 3025 1030 arti
3077 977 3123 1032 e
3178 955 3562 1032 mestieri.

2308 1162 2390 1270 a)
2447 1210 2552 1222 —
2604 1189 2731 1244 DEI
2783 1189 3113 1261 MUGNAJ.

1302 1292 1625 1362 Currom

1396 1453 1495 1520 17.
1676 1433 1800 1501 Del
1844 1457 2043 1522 grano
2070 1427 2359 1524 'perduto
2405 1435 2465 1502 al
2511 1434 2782 1503 molino.
3011 1507 3018 1515 ,

1343 1569 1493 1637 233.
1675 1548 1992 1618 Sacchetti
2038 1572 2073 1615 e
2118 1548 2395 1617 scodelle
2454 1572 2569 1638 per
2613 1551 2998 1641 raccogliere
3054 1550 3408 1618 elemosine
3472 1572 3604 1618 non
3661 1549 3917 1619 devono
3970 1552 4203 1619 tenersi
4249 1550 4308 1618 al

1836 1662 2106 1731 molino,

1342 1781 1494 1848 262.
1675 1778 1999 1846 Ciascuno
2043 1780 2175 1867 pub
2221 1777 2461 1846 battere
2507 1777 2568 1846 la
2612 1801 2726 1846 sua
2772 1801 3009 1868 canapa
3055 1779 3114 1846 al
3161 1778 3477 1847 battitoi0.

2263 2091 2339 2200 b)
2396 2140 2499 2153 —
2553 2119 2679 2173 nm
2733 2118 3164 2174 FORNAcm.

1297 2224 1619 2293 CAPrrou

1389 2386 1491 2452 30.
1672 2363 1856 2431 Della
1901 2362 2175 2431 fornace.

1340 2480 1487 2566 389.
1670 2478 1796 2546 Del
1825 2495 2210 2568 pagamento
2241 2478 2400 2546 della
2432 2478 2676 2569 gabella
2721 2502 2836 2568 per
2863 2478 3347 2569 l'esportazione
3379 2480 3485 2548 dei
3514 2480 3788 2548 mattoni
3819 2502 3855 2547 e
3882 2477 4043 2548 delle
4071 2478 4303 2570 tegole.

2264 2795 2335 2903 c)
2394 2843 2496 2856 —
2551 2818 2679 2877 DEI
2732 2821 3171 2877 PESCATORI.

1243 2985 1251 2994 .
1293 2928 1617 2997 CAmrom

1382 3088 1486 3155 72.
1665 3068 1696 3135 I
1739 3069 2056 3158 pescatori
2101 3068 2356 3137 devono
2400 3084 2655 3158 portare
2702 3070 2725 3136 i
2770 3069 2943 3158 pesci
2988 3068 3147 3136 sulla
3189 3069 3418 3158 piazza.

1383 3184 1487 3269 87.
1668 3183 1820 3251 Non
1865 3183 1923 3249 si
1965 3181 2220 3249 devono
2267 3180 2360 3250 far
2406 3180 2723 3272 congegni
2767 3206 2883 3272 per
2927 3183 2984 3252 la
3032 3205 3236 3272 pesca.

2316 3496 2399 3604 d)
2456 3544 2558 3557 —
2612 3524 2737 3578 DEI
2791 3524 3094 3579 FORNAI.

1290 3630 1617 3700 emron
3087 3607 3092 3611 ⁶

1384 3791 1423 3858 7
1433 3792 1490 3859 ς.
1671 3769 1792 3839 De’
1825 3768 2050 3838 fornai.

1340 3907 1489 3975 234.
1670 3885 1792 3953 De’
1824 3884 2029 3953 fornai
2075 3884 2140 3952 di
2187 3886 2376 3952 Bene.

2283 4209 2343 4296 e)
2401 4246 2503 4260 —
2557 4226 2683 4281 DEI
2735 4224 3133 4281 TAvERNM.

1291 4334 1614 4404 emron

1339 4496 1482 4563 113.
1663 4474 1961 4566 Nessupo
2006 4471 2167 4541 deve
2213 4489 2342 4540 star
2385 4472 2552 4541 nella
2597 4471 2837 4540 bettola
2882 4472 3053 4562 dopo
3100 4472 3369 4541 l'ultima
3415 4495 3737 4562 campana.

1342 4610 1485 4676 141.
1667 4587 1719 4654 11
1763 4589 1921 4654 vino
1968 4587 2130 4655 deve
2175 4586 2468 4654 vendersi
2514 4586 2632 4655 alla
2677 4588 2870 4676 pinta.

1340 4722 1483 4790 142.
1663 4701 1755 4769 Le
1800 4703 1977 4791 pinte
2030 4701 2287 4769 devono
2319 4724 2550 4769 essere
2599 4700 2673 4768 di
2709 4719 2891 4769 vetro
2939 4724 2980 4769 o
3024 4702 3090 4770 di
3136 4719 3304 4769 terra
3350 4725 3385 4769 e
3430 4701 3786 4791 riempiersi
3832 4702 3975 4770 sino
4020 4700 4288 4770 all’orlo.

1664 4818 1736 4885 si
1781 4815 1953 4906 parla
1996 4814 2230 4884 inoltre
2275 4815 2377 4883 dei
2421 4817 2705 4884 tavernai
2750 4817 2859 4884 nei
2904 4816 3061 4905 Cap.
3110 4836 3191 4904 72
3240 4839 3276 4883 e
3323 4835 3427 4905 74.

2220 5133 2303 5242 f)
2361 5181 2464 5194 —
2517 5160 2642 5214 DEI
2696 5158 3160 5214 PANETTIEm.

1288 5270 1632 5339 cmm-020
3058 5266 3062 5270 ’

1379 5431 1522 5497 140.
1700 5409 1789 5476 Di
1837 5407 2031 5497 quelli
2077 5407 2194 5475 che
2241 5405 2433 5474 fanno
2477 5406 2524 5473 il
2572 5428 2733 5496 pane
2780 5400 2893 5495 per
2937 5404 3260 5472 venderlo.

1706 5524 1774 5592 Si
1820 5523 1990 5613 parla
2034 5522 2265 5590 inoltre
2312 5521 2412 5589 de’
2444 5522 2779 5611 panettieri
2823 5522 2929 5588 nel
2974 5520 3132 5608 Cap.
3183 5539 3269 5607 74
