5117 6834
700 1301 873 1378 -206

729 2846 879 2925 207

739 3981 890 4059 208

1319 619 1664 755 ncipit
1776 614 2200 721 Collatio
2322 642 2677 755 quarta.
2744 694 2750 700 ›
2804 613 3238 722 uidelicet
3347 615 3468 721 de
3584 615 3962 720 officio
4026 640 4290 721 nota-

1107 767 1210 905 “³33
1234 783 1780 896 riorum.
1862 815 1955 898 et
2028 791 2147 898 de
2219 828 2570 897 eorum
2643 790 2980 896 salario
3052 814 3159 897 ut
3233 790 3468 896 infra
3541 794 4112 897 continetur.

1108 1220 1510 1389 PRIMO
1562 1301 1701 1384 DE
1753 1299 2361 1384 SOLUTIONE
2413 1298 3160 1383 NOTARIORUM

1233 1520 1594 1723 ffimu
1649 1627 2009 1688 statutum
2048 1627 2161 1688 est
2211 1607 2413 1713 quod
2472 1609 2805 1687 notarius
2860 1608 3207 1688 comunis
3263 1634 3392 1714 seu
3436 1609 3645 1688 curie
3706 1612 4156 1689 baennarum
4191 1628 4307 1689 te-

1114 1786 1375 1847 neatur
1431 1785 1504 1846 et
1560 1766 1825 1847 debeat
1878 1765 2115 1846 facere
2172 1767 2753 1845 instrumentum
2811 1765 3213 1846 sindicatus
3268 1767 3344 1844 in
3400 1793 3552 1871 quo
3610 1785 3824 1846 erunt
3876 1766 3998 1847 uel
4039 1766 4308 1846 fuerint

1118 1926 1428 2027 nomina
1505 1920 2137 2030 consciliariorum
2203 1923 2322 2003 uel
2387 1925 2627 2003 maior
2697 1951 2862 2028 pars
2941 1951 3076 2028 pro
3162 1922 3409 2004 solido
3479 1952 3526 2004 1.
3586 1943 3659 2004 et
3689 2036 3696 2041 ‚
3725 1926 4305 2006 instrumentum

1121 2083 1649 2188 compromissi
1704 2101 1841 2187 pro
1899 2081 2160 2162 solidis
2214 2108 2286 2161 11.
2348 2100 2421 2161 et
2475 2082 3055 2162 instrumentum
3106 2042 3471 2197 sententie
3526 2110 3663 2187 pro
3719 2047 3968 2163 solido
4005 2111 4052 2163 1.
4095 2101 4169 2162 et
4206 2083 4309 2163 in-

1120 2248 1619 2322 strumentum
1656 2242 1895 2321 mutui
1932 2269 1974 2320 a
2013 2238 2216 2320 libris
2251 2268 2401 2319 xxv
2438 2239 2644 2320 infra.
2676 2266 2812 2344 pro
2869 2239 3187 2321 denariis
3242 2214 3342 2320 vr.
3403 2258 3476 2321 et
3530 2215 3582 2320 ai
3629 2240 3832 2321 libris
3884 2270 4036 2321 xxv
4093 2268 4306 2347 supra

1120 2427 1352 2504 usque
1410 2400 1486 2478 in
1542 2398 1762 2479 libras
1816 2426 1862 2478 L
1916 2426 2051 2503 pro
2110 2397 2370 2478 solidis
2425 2425 2497 2476 11.
2558 2416 2633 2476 et
2686 2426 2727 2476 a
2783 2395 2985 2478 libris
3039 2424 3084 2477 L
3136 2425 3350 2503 supra
3404 2425 3541 2503 pro
3599 2397 3860 2478 solidis
3912 2424 4012 2479 111.
4070 2399 4205 2505 (9)

1112 2745 1335 2911 DE
1388 2825 1806 2907 EODEM

1242 3043 1604 3246 {gum
1660 3159 2020 3221 statutum
2078 3159 2190 3220 est
2243 3139 2446 3244 quod
2505 3138 2770 3244 aliquis
2807 3139 3140 3219 notarius
3177 3164 3334 3219 non
3389 3141 3627 3245 possit
3683 3167 3819 3221 nec
3875 3141 4143 3222 debeat
4179 3140 4314 3221 ali-

1131 3299 1310 3405 quid
1367 3319 1617 3405 petere
1674 3298 1796 3378 uel
1852 3297 2120 3378 habere
2177 3298 2267 3377 ab
2325 3296 2469 3378 illis
2525 3298 2650 3402 qui
2707 3298 2977 3376 tuerint
3047 3273 3367 3377 absoluti
3424 3297 3518 3378 de
3574 3300 3836 3397 bannis
3907 3326 4036 3404 per
4098 3318 4317 3405 pote·
4434 3287 4438 3290 ⁷

1132 3477 1404 3540 statem
1461 3456 1582 3537 uel
1638 3483 1764 3562 per
1820 3457 2168 3537 iudicem.
2229 3475 2300 3536 et
2358 3457 2691 3537 notarius
2746 3457 2871 3560 qui
2928 3475 3184 3535 contra
3249 3455 3502 3535 fecerit
3576 3455 3820 3537 soluat
3877 3485 4009 3561 pro
4067 3461 4316 3538 banno

1136 3616 1424 3697 solidos
1478 3645 1549 3696 v,

1118 3903 1340 4109 DE
1394 3983 1791 4065 EODEM.

1250 4201 1616 4404 ffl‘rssm
1663 4318 2023 4380 statutum
2098 4317 2211 4379 est
2274 4297 2476 4404 quod
2543 4301 2876 4379 notarius
2932 4299 3127 4377 curie
3184 4296 3639 4376 baennarum
3693 4280 4028 4377 teneatur
4084 4297 4320 4378 facere

1141 4485 1412 4540 omnes
1467 4457 2187 4563 condempnationes
2269 4459 2344 4536 in
2427 4475 2644 4536 carta.
2701 4475 2774 4535 et
2828 4455 3093 4535 habeat
3161 4455 3254 4535 de
3311 4455 3989 4559 condempnatione
4055 4483 4098 4535 a
4154 4455 4324 4537 soli-

1142 4617 1258 4698 dis
1312 4645 1361 4695 x
1415 4615 1600 4696 infra
1655 4615 2041 4696 denarium
2096 4643 2143 4696 1.
2202 4633 2277 4694 et
2331 4615 2425 4695 de
2483 4613 2744 4694 solidis
2799 4642 2846 4692 x
2886 4632 2959 4694 et
3015 4640 3229 4719 supra
3284 4613 3629 4694 denarios
3684 4641 3755 4694 11.
3817 4632 3892 4693 et
3939 4616 4001 4694 si
4055 4613 4324 4695 faceret

1146 4775 1919 4880 condempnationem
1974 4775 2051 4855 in
2107 4776 2607 4854 instrumento
2663 4793 2937 4854 testato
2992 4773 3258 4854 habeat
3312 4802 3353 4852 a
3410 4772 3673 4854 solidis
3725 4800 3829 4854 xx
3884 4773 4064 4854 infra
4105 4774 4324 4855 dena-

1144 4936 1298 5015 rios
1353 4961 1478 5015 1111.
1539 4952 1614 5014 et
1670 4932 1763 5014 de
1821 4932 2081 5014 solidis
2134 4934 2256 5012 xx'
2291 4951 2366 5013 et
2422 4961 2634 5039 supra
2709 4933 3053 5014 denarios
3106 4962 3205 5014 vl.
3266 4952 3339 5013 et
3395 4932 3487 5013 de
3545 4935 4042 5014 instrumento
4126 4932 4322 5013 cride

1152 5119 1282 5173 seu
1310 5091 2010 5195 preconizationum
2040 5091 2386 5173 denarios
2414 5118 2512 5172 v1.
2546 5110 2620 5171 et
2649 5091 2741 5171 de
2772 5062 3269 5172 instrumento
3299 5119 3469 5171 cure
3498 5091 3872 5172 bonorum
3902 5092 4324 5171 uacantium

1149 5249 1495 5331 denarios
1529 5277 1606 5331 v1
1645 5268 1719 5330 et
1756 5249 1849 5330 de
1888 5251 2386 5331 instrumento
2432 5249 2662 5330 tutele
2713 5249 2833 5331 uel
2873 5278 3041 5330 cure
3090 5249 3470 5330 minorum
3528 5248 3854 5330 solidum
3892 5278 3938 5330 1.
3982 5268 4056 5328 et
4093 5250 4185 5329 de
4226 5249 4328 5328 in-

1149 5426 1565 5489 strumento
1623 5406 2037 5488 liurationis
2091 5436 2132 5488 a
2189 5408 2450 5490 solidis
2504 5436 2600 5488 Lx
2664 5408 2846 5489 infra
2916 5407 3242 5489 solidum
3298 5435 3346 5488 1.
3406 5427 3478 5488 et
3533 5436 3575 5487 a
3632 5407 3894 5488 solidis
3964 5435 4060 5487 Lx
4118 5434 4330 5513 supra

1148 5592 1380 5671 usque
1439 5568 1516 5646 in
1571 5566 1792 5647 libras
1846 5595 1894 5646 x
1953 5565 2368 5648 solidosn.
2429 5587 2503 5647 et
2557 5596 2598 5647 a
2655 5566 2961 5648 librisx
3017 5594 3231 5672 supra
3313 5576 3545 5671 usque
3619 5568 3697 5646 in
3771 5565 3974 5647 libris
4044 5596 4144 5646 xx
4219 5594 4331 5647 so·
