5117 6834
279 2365 282 2366 ff
369 2310 517 2389 247

2201 341 2484 444 LVII

768 648 1053 753 ingenii
1112 648 1536 728 subtilitate.
1585 623 1690 727 'Et
1742 673 2061 752 persona
2115 673 2258 752 que
2314 645 2823 726 contrafecerit
2883 645 3124 725 soluat
3178 673 3314 749 pro
3368 672 3558 750 pena
3614 645 3707 724 de
3780 672 3953 750 qua-

767 806 945 886 libet
1002 825 1277 885 carrata
1335 832 1464 884 seu
1521 806 1929 909 quantitate
2011 823 2284 883 carrate
2369 795 2657 884 solidos
2721 830 2816 882 Lx
2872 804 3092 882 curie.
3151 803 3244 881 Et
3298 801 3833 882 nichilominus
3890 804 3951 882 si

767 965 1048 1042 dictum
1088 963 1342 1042 fenum
1379 962 1499 1042 uel
1529 961 1836 1042 herbam
1875 963 2159 1042 exirent
2195 962 2287 1040 de
2324 960 2473 1041 fine
2512 952 2986 1065 baennarum.
3028 970 3157 1065 per
3194 959 3515 1064 aliquam
3555 987 3949 1065 personam

768 1121 1224 1200 baennarum
1279 1119 1401 1199 uel
1459 1138 1907 1199 extraneam.
1963 1120 2287 1224 predicta
2340 1144 2656 1223 persona
2714 1120 2788 1197 in
2845 1120 3051 1197 cuius
3122 1136 3334 1223 prato
3401 1138 3654 1197 natum
3739 1117 3952 1197 fuerit

766 1278 1049 1358 dictum
1106 1277 1363 1357 fenum
1418 1277 1537 1357 uel
1593 1276 1898 1357 herbam
1956 1276 2299 1357 eamdem
2354 1303 2626 1381 penam
2710 1277 3050 1356 incurrat.
3113 1277 3202 1355 Et
3257 1275 3580 1380 quelibet
3634 1302 3950 1379 persona

764 1435 1002 1540 possit
1045 1435 1230 1514 *inde
1289 1461 1629 1515 accusare
1686 1434 2319 1515 contrafacientes.
2403 1436 2496 1513 Et
2579 1436 2657 1513 in
2730 1435 2889 1514 eius
2971 1436 3390 1513 iuramento
3447 1433 3801 1516 credatur.
3859 1433 3952 1511 Et

765 1592 1031 1672 habeat
1086 1593 1390 1672 terciam
1445 1611 1733 1697 partem
1787 1586 2033 1672 banni.
2094 1611 2166 1672 et
2221 1610 2556 1671 teneatur
2612 1593 2912 1696 priuata.
2972 1593 3064 1669 Et
3121 1609 3451 1695 potestas
3488 1591 3722 1693 possit
3779 1589 3950 1668 inde

767 1751 1156 1856 inquirere.
1215 1750 1465 1855 aliquo
1522 1751 1849 1856 capitulo
1902 1751 1977 1829 in
2035 1750 2484 1830 contrarium
2541 1749 2737 1829 facto
2792 1776 2949 1829 non
3006 1751 3372 1828 obstante.

648 2281 651 2284 Δ
758 2222 1163 2428 QJOD
1221 2305 1619 2399 ALIQUA
1677 2286 2156 2387 PERSONA
2213 2304 2450 2386 NON
2505 2304 2864 2385 POSSIT
2901 2304 3472 2385 COLLIGERE
3510 2291 3943 2386 LEAMEN

1071 2463 1181 2542 IN
1237 2462 1637 2557 ALIQUA
1695 2463 1866 2546 UIA
1927 2463 2123 2542 UEL
2181 2461 2604 2543 BUSSAM.

886 2680 1238 2881 Qum
1296 2761 1656 2824 statutum
1713 2762 1825 2824 est
1879 2744 2084 2849 quod
2137 2743 2380 2849 aliqua
2435 2770 2753 2849 persona
2809 2747 3338 2851 cuiuscumque
3396 2749 3611 2827 etatis
3662 2749 3755 2827 sit
3791 2776 3949 2829 non
4051 2800 4058 2807 -

760 2901 998 3006 possit
1053 2900 1410 3005 colligere
1466 2901 1769 3007 aliquod
1825 2902 2119 2983 leamen
2175 2902 2293 2983 uel
2351 2903 2676 3008 aliquam
2736 2907 3033 2984 bussam
3089 2904 3211 2984 uel
3266 2884 3767 2986 rimenticium
3824 2907 3949 2987 ali-

762 3060 930 3138 cubi
986 3059 1063 3139 in
1118 3059 1358 3164 aliqua
1414 3061 1534 3139 uia
1587 3060 1878 3165 publica
1932 3061 2010 3140 in
2064 3060 2239 3140 villa
2299 3066 2748 3141 baennarum
2805 3061 2924 3142 uel
2981 3060 3152 3142 alibi
3192 3062 3455 3142 infine
3493 3062 3945 3144 baennarum

762 3244 935 3297 cum
997 3217 1248 3323 aliquo
1307 3219 1805 3298 instrumento
1860 3217 2120 3323 ligneo
2175 3218 2296 3299 uel
2351 3217 2589 3300 ferreo
2647 3246 2783 3298 nec
2839 3218 2939 3298 ibi
2995 3246 3273 3324 ponere
3357 3219 3640 3325 aliquas
3701 3220 3949 3329 paleas

765 3401 979 3479 super
1036 3376 1342 3483 comuni
1400 3393 1473 3454 et
1528 3376 1606 3454 in
1662 3376 1992 3455 comuni.
2049 3376 2144 3456 Et
2199 3375 2402 3481 quod
2484 3376 2688 3456 nulla
2766 3403 3083 3481 persona
3140 3378 3667 3482 cuiuscumque
3733 3379 3949 3458 etatis

763 3533 860 3612 sit
914 3533 1153 3637 possit
1208 3533 1381 3612 inde
1435 3551 1737 3638 propter
1791 3534 2167 3613 minorem
2252 3552 2527 3614 etatem
2613 3535 3011 3615 excussari.
3081 3535 3211 3636 sed
3268 3535 3595 3616 bannum
3653 3535 3945 3615 soluere

763 3709 1099 3770 teneatur
1154 3718 1237 3770 ac
1295 3690 1693 3771 emendam
1743 3692 1843 3771 de
1897 3690 2244 3796 predictis
2299 3690 2942 3797 quemadmodum
3001 3694 3061 3771 si
3116 3693 3357 3772 maior
3395 3711 3589 3773 esset
3634 3720 3787 3774 xxv
3825 3721 3947 3773 an-

761 3875 1058 3929 norum.
1114 3849 1209 3929 Et
1262 3867 1467 3954 pater
1524 3867 1598 3929 et
1652 3867 1889 3929 mater
1970 3867 2358 3929 teneantur
2440 3849 2731 3930 soluere
2787 3851 2865 3929 in
2921 3850 3139 3930 dictis
3219 3849 3487 3929 talibus
3571 3854 3807 3930 banna
3872 3870 3945 3930 et

762 4006 1118 4087 emendas
1170 4034 1309 4114 pro
1364 4006 1538 4087 filiis
1593 4024 1667 4086 et
1721 4005 2034 4087 filiabus.
2092 4006 2186 4086 Et
2244 4007 2304 4085 si
2350 4025 2725 4112 repertum
2762 4005 2981 4087 fuerit
3018 3973 3220 4087 iuxta
3260 3979 3596 4087 sedimen
3635 4008 3944 4090 alicuius

761 4162 1055 4244 leamen
1109 4164 1232 4245 uel
1286 4165 1709 4270 pautacium
1763 4161 2164 4243 collectum
2221 4190 2382 4244 esse
2439 4164 2516 4243 in
2573 4163 2747 4243 uilla
2815 4164 3266 4244 baennarum
3323 4164 3525 4269 quod
3608 4164 3944 4245 uideatur

760 4323 1175 4428 proiectum
1232 4321 1454 4403 fuisse
1538 4322 1613 4401 in
1695 4320 2132 4401 rectitudine
2214 4321 2491 4425 domus
2559 4321 2887 4427 predicte
2967 4348 3307 4426 persone.
3364 4349 3682 4427 persona
3737 4324 3944 4404 cuius

727 4478 1038 4564 domus
1093 4498 1167 4560 et
1224 4480 1562 4561 sedimen
1617 4479 1856 4560 fuerit.
1913 4499 2250 4561 teneatur
2331 4480 2623 4561 soluere
2706 4479 3035 4560 bannum
3121 4498 3196 4560 et
3269 4478 3691 4560 emendam.
3750 4501 3825 4560 et
3880 4481 3942 4561 si

762 4631 1047 4744 reperta
1101 4640 1359 4720 fuisset
1414 4638 1812 4743 collegisse
1870 4638 2160 4719 leamen
2216 4639 2654 4744 predictum.
2712 4639 2806 4718 Et
2861 4664 3179 4743 persona
3232 4665 3376 4743 que
3432 4637 3941 4720 contrafecerit

763 4796 1006 4877 soluat
1058 4824 1197 4902 pro
1251 4824 1442 4902 pena
1480 4817 1554 4877 et
1590 4796 1841 4876 banno
1877 4824 2014 4902 pro
2054 4796 2377 4901 qualibet
2414 4815 2489 4876 et
2526 4796 2851 4901 qualibet
2893 4798 3055 4876 uice
3096 4824 3237 4902 qua
3277 4794 3788 4877 contrafecerit
3826 4822 3943 4876 so-

695 5029 700 5032 .
760 4954 956 5036 lidos
1010 4982 1086 5035 111
1144 4956 1366 5035 curie.
1424 4955 1519 5034 Et
1557 4953 1912 5034 dominus
1947 4972 2279 5059 potestas
2312 4954 2551 5059 possit
2591 4972 2665 5034 et
2701 4972 3036 5034 teneatur
3074 4952 3248 5033 inde
3289 4955 3652 5058 inquirere
3688 4953 3939 5058 aliquo

762 5113 1086 5218 capitulo
1143 5116 1219 5194 in
1275 5114 1726 5194 contrarium
1782 5117 1978 5192 facto
2036 5140 2192 5192 non
2248 5112 2616 5194 obstante.
2701 5113 2794 5191 Et
2876 5111 3201 5217 quelibet
3264 5137 3579 5216 persona
3635 5111 3789 5192 siue
3847 5111 3941 5190 sit

760 5272 853 5353 de
910 5271 1185 5353 familia
1239 5271 1631 5377 potestatis
1688 5271 1843 5350 siue
1898 5270 2038 5350 alia
2093 5297 2557 5375 quecumque
2612 5268 2705 5349 de
2760 5269 3112 5375 predictis
3167 5287 3239 5348 et
3294 5267 3627 5373 quolibet
3662 5268 3942 5373 predic-

759 5448 1012 5509 torum
1064 5433 1303 5535 possit
1358 5455 1696 5509 accusare
1752 5428 2160 5533 quamlibet
2212 5453 2610 5533 personam
2666 5413 3342 5507 contrafacientem.
3402 5426 3496 5506 Et
3552 5426 3709 5506 eius
3755 5427 3940 5506 iura-

676 5683 680 5687 >
760 5605 1024 5667 mento
1079 5586 1413 5667 credatur
1468 5605 1541 5666 et
1594 5586 1863 5666 habeat
1914 5586 2210 5666 tertiam
2266 5603 2554 5690 partem
2608 5584 2859 5664 banni.
2918 5583 3054 5692 (1)

875 5820 960 5900 15
