5117 6834
758 3455 903 3511 102

762 4661 898 4740 103

1149 668 1221 727 et
1277 647 1480 753 quod
1547 648 1741 727 dicta
1806 675 1994 752 aqua
2057 647 2520 752 dispensetur
2579 665 2651 727 et
2707 646 3181 726 distribuatur
3234 646 3380 727 hoc
3448 647 3686 727 modo
3742 648 3818 725 in
3874 647 4093 728 dictis
4155 647 4341 726 ortis

1148 804 1546 908 sayuandis
1599 804 1946 884 uidelicet
2002 804 2204 908 quod
2263 805 2407 883 orti
2493 804 2908 908 superiores
2989 804 3408 908 bergognie
3464 832 3506 883 a
3561 793 3715 883 uia¹
3765 805 4339 884 marenchorum

1148 990 1362 1067 supra
1417 962 1736 1042 habeant
1792 962 2066 1042 dictam
2123 989 2387 1067 aquam
2476 961 2794 1065 singulis
2876 962 3138 1042 diebus
3222 960 3393 1041 lune
3453 980 3525 1041 et
3581 964 3859 1042 martis,
3918 982 3992 1043 et
4046 992 4088 1043 a
4144 964 4340 1043 dicta

1147 1122 1266 1200 uia
1323 1120 1506 1200 infra
1564 1122 1708 1200 orti
1766 1121 2083 1200 habeant
2140 1120 2415 1199 dictam
2473 1147 2741 1225 aquam
2781 1120 2942 1199 aliis
2979 1118 3272 1199 duobus
3312 1119 3572 1199 diebus
3628 1120 4128 1226 sequentibus.
4181 1123 4371 1202 siue,

1146 1278 1265 1358 die
1322 1278 1660 1382 mercurii
1718 1296 1791 1358 et
1845 1277 1965 1357 die
2020 1278 2238 1357 iouiS.
2295 1295 2369 1357 et
2424 1277 2627 1382 quod
2682 1276 2796 1380 alij
2859 1277 3001 1357 orti
3060 1294 3319 1357 cuzete
3378 1277 3696 1357 habeant
3736 1278 4011 1358 dictam
4068 1307 4339 1384 aquam

1145 1434 1306 1539 alijs
1361 1436 1657 1516 duobus
1713 1435 1996 1515 diebus,
2057 1436 2334 1515 scilicet
2390 1436 2509 1515 die
2566 1436 2860 1515 ueneris
2898 1453 2972 1515 et
3010 1435 3130 1515 die
3188 1439 3442 1515 sabati.
3503 1436 3602 1516 ita
3657 1455 3911 1516 tamen
3966 1437 4171 1542 quod
4217 1438 4340 1517 ha·

1152 1598 1411 1675 bentes
1466 1593 1709 1674 dictos
1766 1613 1976 1674 ortos
2032 1582 2290 1674 cuzete
2347 1594 2614 1673 habere
2669 1593 2986 1673 debeant
3025 1621 3249 1672 unam
3289 1594 3624 1673 canalem
3679 1593 3772 1673 ad
3827 1613 4122 1700 portam
4161 1594 4340 1675 infe·

1148 1755 1424 1833 riorem
1481 1780 1609 1858 per
1666 1780 1890 1857 quam
1948 1752 2255 1832 ducatur
2293 1780 2478 1857 aqua
2517 1752 2842 1857 predicta
2881 1752 3098 1831 dictis
3154 1751 3449 1832 duobus
3487 1752 3749 1831 diebus
3803 1753 3880 1831 in
3938 1772 4147 1833 ortos
4181 1782 4339 1858 pre-

1146 1910 1412 1991 dictos,
1472 1911 1571 1990 ita
1628 1909 1828 2014 quod
1888 1937 2099 2014 sepes
2155 1930 2227 1990 et
2281 1909 2594 1989 bealeria
2650 1929 2987 1989 ortorum
3044 1911 3462 2014 bergognie
3519 1917 3676 1990 non
3734 1930 4142 1992 strazentur
4198 1914 4335 2020 (6)

1146 2070 1267 2149 uel
1325 2070 1401 2147 in
1455 2042 1708 2173 aliquo
1765 2067 2004 2147 modo
2061 2066 2677 2171 dampnificentur
2732 2095 2870 2172 pro
2927 2067 3155 2147 dicta'
3196 2096 3383 2172 aqua
3439 2067 3775 2148 ducenda
3833 2070 3907 2148 in
3963 2070 4338 2175 predictos

1147 2246 1359 2307 ortos
1416 2253 1667 2305 cuzee.
1729 2244 1802 2304 et
1858 2226 2061 2330 quod
2119 2226 2425 2330 predicti
2485 2228 2628 2306 orti
2686 2228 3100 2331 superiores
3139 2246 3211 2306 et
3249 2225 3633 2307 inferiores
3687 2227 4004 2312 habeant
4062 2227 4338 2309 dictam

1145 2412 1415 2488 aquam
1473 2385 1548 2462 in
1606 2383 1866 2463 diebus
1921 2384 2346 2464 dominicis,
2388 2371 2497 2464 ⁷Et
2552 2385 2769 2489 quod.
2813 2385 3054 2489 aliqua
3126 2413 3444 2490 persona
3498 2413 3655 2466 non
3723 2406 4100 2491 presumat
4165 2407 4338 2467 stra-

1145 2543 1346 2622 uiare
1405 2560 1697 2647 stopare
1753 2541 1874 2622 uel
1930 2542 2289 2648 impedire
2345 2543 2423 2622 in
2479 2541 2732 2647 aliquo
2788 2542 3064 2623 dictam
3118 2571 3388 2661 aquam
3445 2545 3850 2647 quominus
3887 2572 4041 2624 non
4091 2544 4339 2625 distri-

1149 2704 1408 2780 buatur
1463 2719 1536 2780 et
1592 2701 2056 2806 dispensetur
2113 2700 2317 2780 sicut
2354 2700 2770 2805 predictum
2810 2719 2921 2780 est
2960 2702 3094 2780 s'ub
3133 2727 3322 2805 pena
3361 2719 3434 2781 et
3474 2701 3751 2781 bamno
3808 2701 4224 2782 solidorum
4262 2727 4339 2783 111

1120 2839 1282 2965 'pro
1321 2851 1682 2963 ⁸qualibet
1753 2886 2068 2964 persona
2135 2858 2706 2939 contrafaciente
2765 2877 2838 2938 et
2894 2859 3218 2968 qualibet
3290 2859 3478 2939 uice.
3553 2859 3647 2938 Et
3712 2859 4069 2940 habentes
4136 2879 4338 2964 prata

1145 3016 1224 3094 in
1282 3015 1476 3096 dicta
1531 3035 1865 3096 contrata
1920 3035 2309 3096 teneantur
2365 3015 2831 3096 contribuere
2890 3017 2981 3096 ad
3039 3016 3315 3096 dictam
3373 3015 3731 3096 canalem.

1147 3356 1370 3521 DE
1427 3436 1955 3518 CAPITULIS
2010 3427 2299 3517 EXEM
2310 3434 2743 3516 PLANDIS
2798 3436 2907 3515 IN
2964 3433 3340 3518 CARTA.

1385 3669 1457 3727 1:⁷2⁷

1383 3762 1387 3769 ι
1398 3742 1417 3757 -d
1424 3740 1444 3771 ,ιι

1348 3683 1426 3831 Ι.Γ

1464 3777 1622 3832 ΤΕΜ
1679 3770 2038 3851 statutum
2060 3743 2066 3749 ’
2092 3770 2203 3832 est
2254 3751 2455 3856 quod
2512 3770 2845 3857 potestas
2898 3770 3234 3831 teneatur
3289 3751 3522 3832 facere
3569 3754 3750 3857 poni
3808 3772 3881 3832 et
3939 3753 4337 3858 exemplari

1284 3761 1352 3841 fta:
1387 3832 1396 3847 ,.
1408 3830 1425 3837 ..

1145 3911 1403 3991 omnia
1458 3908 1773 4016 capitula
1831 3912 2281 3990 baennarum
2338 3912 2414 3989 in
2471 3930 2667 3990 carta
2707 3929 2779 3991 et
2817 3911 3278 3990 manuteneri
3336 3909 3518 3990 infra
3574 3930 3724 3990 tres
3778 3938 4099 3991 menses.
4139 3931 4333 4017 post·

1144 4096 1368 4173 quarn
1426 4068 1796 4148 iurauerit.
1854 4087 1931 4148 et
1977 4070 2131 4172 ,hoc
2188 4095 2346 4147 non
2400 4070 2640 4174 possit
2694 4069 3066 4149 remoueri
3141 4068 3503 4149 conscilio
3559 4069 3680 4149 uel
3736 4069 3886 4149 alio
3942 4069 4204 4149 mod0.
4265 4089 4338 4150 et

1144 4227 1347 4332 quod
1407 4226 1669 4307 sindici
1726 4227 2028 4306 uinculo
2085 4228 2477 4308 iuramenti
2533 4247 2920 4308 teneantur
2974 4247 3057 4308 ut
3114 4255 3327 4333 supra
3384 4229 3575 4308 sicut
3627 4246 3980 4332 potestas.

1147 4559 1552 4765 QJOD
1608 4642 2508 4725 CONSTITUANTUR
2559 4642 2789 4724 DUO
2846 4642 3215 4724 SINDICI
3272 4644 3766 4725 COMUNIS.

1288 4962 1347 5025 ²·
1379 4984 1451 5047 εἷς.
1483 4988 1641 5043 ΤΕΜ
1679 4981 2037 5043 statutum
2077 4981 2189 5042 est
2228 4960 2432 5066 quod
2472 4963 3015 5043 constituantur
3070 4962 3222 5043 duo
3255 4964 3533 5044 sindaci
3590 4967 3936 5046 comunis
3973 4966 4341 5071 generalis

1149 5120 1243 5200 ad
1317 5119 1900 5201 deffendendum
1960 5140 2034 5201 et
2098 5120 2624 5227 inquirendum
2706 5122 2859 5201 iura
2932 5122 3277 5202 comunis
3358 5121 3811 5202 baennarum
3894 5149 4339 5231 quocunque

1151 5278 1391 5358 modo
1450 5296 1524 5359 et
1580 5269 1966 5372 cuiuslibet
2034 5279 2430 5384 singularis
2494 5306 2811 5384 persone
2876 5281 3326 5360 baennarum
3408 5267 3546 5385 pro
3617 5307 4052 5387 quacunque
4124 5310 4343 5362 causa

1149 5435 1489 5540 tangenti
1546 5439 1851 5518 comuni
1908 5439 2361 5518 baennarum
2418 5440 2494 5518 in
2551 5438 2826 5544 aliquo,
2884 5441 3009 5543 qui
3065 5436 3240 5519 dicti
3298 5440 3559 5520 sindici
3610 5458 3986 5520 mutentur
4043 5460 4117 5521 et
4170 5469 4344 5522 mu-

1150 5595 1286 5674 tari
1342 5594 1657 5676 debeant
1695 5596 1787 5676 de
1833 5597 2065 5677 tribus
2120 5598 2197 5678 in
2252 5598 2484 5677 tribus
2539 5599 2921 5677 mensibus
2975 5617 3049 5677 et
3105 5598 3422 5678 habeant
3458 5626 3595 5704 pro
3635 5598 3898 5680 salario
3938 5600 4226 5682 solidos
4261 5627 4337 5681 x.
