5117 6834
339 2344 484 2422 309

338 4656 488 4733 310

2089 353 2535 459 LXXIII

730 664 954 719 sonas
1006 638 1526 743 undecumque
1584 638 1739 718 sint.
1771 639 2143 753 vhabentes
2197 636 2480 742 aliquas
2532 663 2650 718 res
2704 637 2821 719 uel
2879 641 3078 719 bona
3130 621 3440 720 mobilia
3477 639 3596 720 uel
3637 641 3911 721 immo·

726 793 899 909 bilia
955 795 1032 875 in
1088 794 1398 875 baennis
1453 793 1574 874 uel
1629 820 1851 900 posse
1908 811 1984 875 et
2036 794 2242 900 quod
2299 794 2666 900 eligantur
2703 822 2859 877 vm1
2909 795 3260 877 homines
3295 796 3388 877 de
3428 795 3737 878 baennis
3776 798 3910 902 qui

729 971 1116 1033 teneantur
1170 972 1244 1033 et
1298 951 1617 1032 debeant
1672 953 2091 1033 iuramento
2147 954 2478 1058 ipsorum
2535 953 2699 1033 illas
2753 952 2937 1034 tales
2992 980 3346 1060 personas
3385 955 3797 1036 secundum
3837 974 3911 1036 et

728 1111 861 1191 illo
917 1110 1157 1191 modo
1212 1137 1366 1216 quo
1421 1112 1772 1215 regestati
1831 1087 2002 1191 sunt
2058 1112 2279 1198 ceteri
2338 1129 2412 1191 et
2466 1111 2587 1192 alii
2646 1110 2738 1192 de
2796 1112 3103 1193 baennis
3156 1142 3444 1202 regestare.
3490 1080 3637 1221 (1)
3693 1113 3787 1193 Et
3845 1114 3907 1194 si

729 1296 871 1374 qua
923 1294 1241 1374 persona
1296 1268 1780 1348 recussauerit
1833 1266 2301 1349 manifestare
2359 1269 2555 1349 bona
2615 1297 2740 1351 sua
2796 1288 2879 1349 ut
2933 1266 3346 1375 predictum
3404 1290 3515 1352 est
3569 1271 3910 1376 personis

726 1427 819 1507 ad
875 1425 1023 1507 hoc
1078 1426 1524 1506 constitutis.
1584 1425 1930 1506 admittat
1983 1451 2101 1506 res
2148 1446 2220 1506 et
2270 1429 2465 1506 bona
2523 1455 2705 1531 quas
2761 1455 2916 1508 non
2973 1429 3472 1509 manilestaret
3522 1429 3640 1509 uel
3680 1429 3912 1509 mani·

644 1555 651 1564 Ι
729 1583 1092 1665 festasset.
1149 1602 1225 1665 et
1278 1581 1686 1689 aplicentur
1742 1584 1961 1663 curie.
2022 1585 2115 1664 Et
2169 1583 2262 1663 de
2318 1584 2666 1689 predictis
2720 1604 3051 1690 potestas
3119 1587 3358 1690 possit
3421 1587 3787 1691 inquirere
3846 1587 3906 1667 si

728 1742 900 1823 inde
958 1741 1173 1825 fuerit
1227 1740 1648 1847 requisitus,
1692 1741 2025 1847 exceptis
2059 1719 2398 1846 personis
2435 1740 2877 1823 habentibus
2928 1762 3226 1847 pactum
3265 1770 3436 1824 cum
3475 1744 3910 1844 hominibus

725 1899 1200 1982 baennarum.

721 2253 943 2422 DE
997 2337 2003 2424 ATERMINATORIBUS
2058 2340 2595 2426 ELIGENDIS
2648 2343 2838 2441 QUI
2889 2340 3378 2468 DEBEANT
3459 2342 3900 2428 ATERMI-

1037 2496 1317 2583 NARE
1398 2492 1850 2583 COMUNE
1929 2498 2067 2581 AB
2152 2499 2395 2583 ILLO
2475 2498 3105 2598 ALIQUARUM
3194 2498 3898 2587 PERSONARUM

1033 2652 1661 2738 SPECIALIUM.
3799 2682 3803 2686 *

843 2868 1200 3072 ffirssm
1238 2973 1596 3035 statutum
1634 2970 1748 3034 est
1799 2953 2003 3059 quod
2061 2952 2430 3057 eligantur
2484 2979 2587 3033 vu
2642 2953 2994 3033 homines
3030 2954 3154 3057 qui
3209 2973 3600 3037 teneantur
3655 2974 3729 3036 et
3785 2957 3911 3038 de-

733 3116 948 3194 beant
1022 3112 1511 3194 adterminare
1585 3138 1910 3193 comune
1964 3110 2056 3192 ab
2113 3111 2247 3192 illo
2330 3110 2736 3216 aliquarum
2817 3138 3300 3216 personarum
3376 3113 3805 3218 specialium
3866 3144 3908 3196 a

729 3270 1016 3351 fossato
1073 3269 1432 3351 zeresolie
1490 3268 1790 3350 inferius
1844 3296 2077 3374 usque
2159 3269 2251 3349 ad
2315 3269 2655 3383 blaydam
2738 3268 3258 3374 presbitorum.
3343 3288 3420 3350 et
3472 3284 3758 3377 ponere'
3808 3274 3906 3353 ibi

730 3429 1116 3509 terminos,
1176 3427 1587 3508 secundum
1643 3427 1845 3534 quod
1903 3427 2476 3508 adterminatum
2534 3426 2749 3507 fuerit
2775 3454 2904 3532 per
2939 3428 3314 3533 predictos
3367 3428 3486 3508 uel
3543 3431 3906 3511 maiorem

725 3606 1011 3692 partem
1068 3588 1400 3692 ipsorum
1455 3586 1757 3666 firmum
1814 3579 1908 3666 sit
1966 3605 2039 3666 et
2094 3587 2548 3665 obseruetur.
2609 3587 2701 3665 Et
2739 3585 3065 3690 quelibet
3119 3613 3433 3708 persona
3490 3614 3631 3691 que
3687 3589 3908 3668 habet

722 3745 1286 3851 possessionem
1342 3744 1622 3824 ibidem
1678 3743 2117 3847 contiguam
2174 3744 2378 3824 dicto
2434 3744 2739 3823 comuni
2795 3763 3129 3824 teneatur
3184 3742 3417 3825 facere
3475 3772 3707 3824 unum
3764 3745 3908 3826 fos-

732 3921 973 3983 satum
1033 3902 1127 3982 de
1183 3929 1337 3983 uno
1393 3901 1579 4009 pede
1639 3900 2011 4007 profundo
2051 3919 2126 3980 et
2161 3900 2455 3980 duobus
2490 3900 2721 3980 latum
2764 3929 2978 4007 super
3033 3929 3162 3982 sua
3215 3904 3691 4007 possessione
3732 3902 3903 3983 hinc

727 4060 817 4141 ad
875 4061 1267 4141 introitum
1322 4060 1547 4140 madii
1591 4079 1664 4140 et
1702 4079 2181 4140 manutenere
2237 4057 2520 4138 dictum
2559 4057 2921 4139 fossatum
2960 4060 3095 4139 sub
3132 4087 3319 4165 pena
3359 4060 3774 4141 solidorum
3830 4087 3907 4142 111

733 4237 807 4298 et
863 4217 1106 4298 soluta
1162 4244 1348 4323 pena
1404 4215 1937 4297 nichilominus
1991 4204 2274 4295 dictum
2330 4215 2694 4295 fossatum
2751 4214 2985 4296 facere
3040 4236 3396 4298 teneatur.

721 4574 944 4740 DE
997 4653 1602 4739 PoRcrfflRns
1656 4655 1792 4736 ET
1845 4655 2384 4740 UACHERHS
2442 4656 2934 4739 COMUNJs.
3017 4637 3152 4747 (2)

846 4870 1206 5075 Qum
1258 4974 1618 5036 statutum
1676 4973 1789 5037 est
1842 4957 2046 5061 quod
2101 4956 2367 5061 aliquis
2418 4956 2844 5062 porcharius
2901 4976 2973 5037 et
3028 4957 3410 5037 uacharius
3463 4984 3619 5036 non
3666 4957 3908 5062 possit

732 5140 1087 5218 separare>
1118 5136 1256 5194 nec
1311 5113 1578 5194 ducere
1633 5112 1913 5220 aliquas
1970 5115 2243 5194 bestias
2296 5114 2752 5219 pascendum
2810 5141 2977 5193 suas
3031 5113 3149 5193 uel
3209 5112 3485 5195 alienas
3542 5131 3911 5218 separatas

730 5300 771 5352 a
828 5298 1061 5376 grege
1116 5270 1259 5351 nisi
1315 5297 1585 5352 omnes
1639 5271 1861 5351 simul
1918 5270 2053 5351 sub
2107 5298 2296 5376 pena
2377 5298 2513 5376 pro
2597 5269 2928 5376 quolibet
2985 5288 3060 5351 et
3112 5269 3436 5377 qualibet
3500 5272 3663 5351 uice
3721 5270 3910 5351 soli-

731 5428 1002 5508 dorum
1058 5456 1130 5508 v.
1188 5429 1282 5509 Et
1337 5430 1540 5535 quod
1597 5427 1968 5533 eligantur
2021 5430 2096 5508 in
2153 5428 2477 5533 qualibet
2534 5426 2738 5532 clapa
2812 5453 3003 5507 unus
3086 5428 3451 5507 crauerius
3503 5427 3597 5507 ad
3652 5446 3909 5509 custo-

680 5670 685 5677 ,
731 5585 1090 5666 diendum
1145 5613 1418 5692 capras.
1477 5589 1601 5692 qui
1656 5587 1975 5667 habeant
2010 5613 2146 5696 pro
2186 5612 2446 5666 eorum
2487 5584 2751 5666 salario
2787 5612 2924 5690 pro
2964 5584 3287 5690 qualibet
3323 5612 3534 5695 capra
3589 5583 3909 5665 habente

845 5762 982 5897 19Δ
