5117 6834
2331 265 2426 332 III

773 530 847 629 f·
970 587 1166 634 ann.
1240 522 1390 679 De
1436 573 1615 641 taleis
1677 573 2022 642 soluendis,

769 776 845 874 f·
924 832 1165 880 vann.
1244 767 1517 944 Quod
1564 821 1788 909 aliquis
1838 824 2107 889 nuncius
2155 821 2258 888 uel
2304 821 2635 890 familiaris
2679 825 3009 913 potestatis
3041 845 3172 890 non
3208 823 3390 890 faciat
3437 822 3795 891 custodiam
3826 846 3943 913 pro
3973 900 3987 912 ‚

1575 970 1808 1059 aliquo,

768 1162 843 1260 f.
972 1219 1164 1265 Lxxn.
1236 1153 1510 1322 Quod
1558 1222 1829 1294 potestas
1879 1225 2165 1274 teneatur
2209 1230 2448 1296 ponere
2480 1210 2547 1275 in
2587 1226 2839 1295 regesto
2889 1231 3113 1276 omnes
3161 1230 3461 1296 personas
3508 1209 3950 1299 undecumque

1557 1358 1681 1423 siut
1729 1355 2030 1423 habentes
2075 1358 2312 1446 aliquas
2361 1381 2476 1425 res,

728 1545 841 1645 f·
940 1602 1161 1650 Lxxm.
1241 1540 1514 1715 Quod
1562 1593 1868 1680 eligantur
1916 1594 2044 1661 duo
2094 1594 2390 1662 hommes
2434 1597 2544 1682 qui
2593 1612 2888 1663 maneant
2935 1619 3085 1662 cum
3131 1614 3440 1684 potestate
3488 1596 3738 1685 quando
3799 1596 3948 1662 facit

1572 1742 2062 1830 condempnare.

764 1932 839 2030 f·
937 1988 1154 2035 LXXVI·
1236 1924 1508 2102 Quod
1556 1980 1786 2045 notarii
1854 1996 1915 2045 et
1984 1978 2211 2046 sindici
2280 2001 2413 2047 non
2482 1979 2750 2047 debeant
2809 1982 3214 2048 committere
3263 1979 3548 2048 fraudem
3596 1983 3662 2049 in
3710 2003 3935 2049 eorum

1566 2127 1872 2195 officium.

758 2318 835 2418 f·
959 2374 1152 2420 LXXX·
1235 2310 1510 2486 Quod
1557 2379 1833 2450 potestas
1880 2382 2167 2431 teneatur
2216 2364 2418 2433 facere
2466 2364 2632 2433 solui
2679 2370 2896 2434 omnia
2946 2370 3245 2434 comunia
3292 2369 3612 2434 extimata.

758 2582 833 2679 fi
886 2636 1198 2683 Lxxan.
1236 2558 1384 2729 De
1432 2613 1724 2698 personis
1771 2611 2114 2699 detemptis
2159 2634 2271 2700 per
2319 2610 2661 2685 familiares
2705 2614 3056 2700 potestatis.

753 2825 828 2924 f·
982 2864 987 2869 ’
1024 2881 1181 2927 xct..
1231 2782 1547 2970 (Quod
1594 2855 1787 2923 nichil
1852 2854 2036 2923 detur
2082 2855 2399 2944 obligetur
2444 2856 2529 2923 de
2570 2854 2759 2924 bonis
2805 2858 3101 2925 comunis
3157 2779 3601 2949 baennarum),

1265 3045 1540 3214 Qod
1587 3118 1864 3186 potestas
1912 3123 2043 3167 non
2089 3103 2290 3188 possit
2336 3100 2570 3169 ducere
2616 3099 2894 3191 aliquem
2944 3101 3252 3169 fanmlum
3305 3102 3416 3190 qui
3461 3103 3543 3169 sit
3589 3022 3932 3191 bannitus),

1226 3272 1543 3460 (Quod
1589 3346 1899 3437 eligantur
1944 3345 2073 3413 duo
2119 3346 2418 3413 homines
2465 3346 2544 3413 de
2591 3345 2900 3414 conscilio
2946 3349 3056 3435 qui
3111 3347 3381 3414 debeant
3426 3349 3517 3414 ire
3565 3370 3714 3414 curn
3767 3346 3937 3427 deci-

1568 3520 1921 3587 matoribus
1968 3520 2046 3587 ad
2093 3519 2500 3608 coligendum
2549 3479 2887 3648 decimas).

746 3700 820 3798 f.
998 3755 1147 3801 xcu.
1227 3656 1418 3827 (De
1449 3730 1751 3797 soluenda
1796 3728 2039 3817 gabella
2085 3731 2140 3796 si
2187 3730 2601 3797 extrahuntur
2663 3752 2895 3797 monos
2941 3729 3042 3821 uel
3090 3729 3329 3817 tegulas
3370 3728 3448 3797 de
3492 3753 3682 3821 posse
3740 3729 3937 3797 baen-

1584 3858 1866 4017 narum).

1229 4058 1449 4185 Quod
1485 4101 1669 4153 omnia
1706 4098 1930 4154 consilia
1969 4098 2214 4170 legantur
2252 4097 2308 4152 in
2346 4097 2588 4153 consiliu.

1226 4253 1352 4352 De
1390 4292 1922 4347 condemnationibus
1961 4290 2167 4345 fiendis.

1223 4445 1444 4572 Quod
1482 4497 1714 4555 potestas
1750 4502 1860 4539 non
1897 4485 2070 4556 capiat
2106 4484 2192 4538 uel
2230 4483 2409 4555 exigat
2443 4482 2658 4555 aliquod
2697 4483 2945 4535 bannum.

752 4754 1086 4860 Collatio
1134 4799 1443 4860 secunda
1485 4796 1809 4857 videlicet
1857 4797 1941 4857 de
1987 4797 2253 4856 ratione
2299 4795 2599 4855 tenenda
2641 4798 2709 4853 et
2756 4793 2839 4853 de
2888 4793 3210 4852 omnibus
3259 4792 3416 4851 aliis
3447 4792 3658 4850 rebus
3706 4792 3774 4848 et
3820 4805 3941 4848 ca-

752 4948 985 5022 pitulis
1032 4953 1099 5008 et
1148 4932 1646 5008 ordinamentis
1692 4944 2192 5041 pertinentibus
2240 4944 2328 5004 ad
2374 4944 2602 5018 ipsam
2645 4943 3008 5003 rationem.

745 5194 818 5292 f·
1096 5251 1137 5295 1·
1230 5190 1380 5346 De
1429 5264 1699 5329 persona
1745 5264 1867 5330 que
1914 5239 2133 5307 fecerit
2179 5239 2368 5307 aliam
2415 5261 2758 5329 personam
2803 5240 2982 5307 citari
3028 5260 3246 5306 coram
3291 5239 3484 5305 curia.

1224 5436 1382 5590 De
1430 5510 1703 5578 persona
1751 5489 1957 5555 citata.
