5117 6834
405 1975 561 2054 240

402 3595 554 3673 241

400 4951 559 5029 242

2267 255 2461 448 LV⁶

790 642 972 727 dato
1026 641 1154 728 uel
1179 643 1286 728 in
1317 645 1536 724 rebus
1591 644 1743 726 suis
1798 660 2004 726 extra
2055 639 2646 724 iurisdictionem
2699 643 3177 724 baennarum.
3216 641 3311 722 Et
3347 640 3409 722 si
3451 639 3969 726 contrafecerit

789 826 1112 906 persona
1162 827 1516 884 accusans
1567 799 1835 882 debeat
1887 800 2300 904 constringi
2355 827 2484 904 per
2538 818 2989 904 potestatem
3024 798 3478 882 baennarum
3524 824 3968 882 conseruare

788 984 1196 1065 personam
1245 976 1668 1040 accusatam
1719 959 1882 1040 sine
1933 958 2268 1063 dampno
2318 956 2412 1038 de
2466 984 2729 1038 accusa
2782 984 2909 1062 per
2962 957 3213 1061 ipsum
3260 954 3471 1040 facta.
3528 955 3700 1038 alibi
3739 982 3965 1060 quam

790 1116 874 1200 in
925 1115 1255 1198 baenniS.
1313 1116 1407 1196 Et
1459 1114 1665 1220 quod
1719 1114 1813 1197 de
1865 1114 2212 1223 predictis
2248 1141 2396 1219 que
2427 1131 2600 1198 sunt
2635 1132 2839 1198 extra
2874 1112 3463 1196 iurisdictionem
3515 1116 3973 1198 baennarum

790 1292 1003 1360 (accuse
1037 1290 1293 1362 debeant)
1324 1270 1483 1352 fieri
1536 1272 1616 1356 in
1670 1272 1980 1354 baennis
2032 1291 2108 1353 et
2161 1271 2337 1352 inde
2384 1271 2651 1376 puniri.
2708 1289 2783 1354 et
2835 1270 3137 1375 procedi
3193 1268 3834 1375 quemadmodum
3901 1269 3969 1354 si

662 1454 671 1464 '
794 1447 1044 1519 essent
1124 1429 1201 1508 in
1283 1429 1788 1509 iurisdictione
1848 1432 2321 1509 baennarum.
2381 1447 2541 1510 Quod
2578 1462 2673 1517 pro
2697 1446 2942 1500 omnibus
2967 1445 3184 1501 offensis
3210 1444 3357 1501 factis
3381 1457 3530 1500 extra
3552 1445 3963 1500 iurisdictionem

791 1602 1121 1658 baennarum
1155 1620 1342 1658 accuse
1377 1601 1492 1658 fieri
1528 1604 1759 1658 debeant
1793 1604 1849 1657 in
1886 1604 2029 1658 curia
2067 1604 2391 1658 baennarum
2430 1614 2484 1657 et
2518 1620 2632 1657 non
2668 1603 2791 1657 alibi
2827 1605 2930 1672 (1).

780 1869 1001 2033 DE
1055 1945 1649 2031 CALIGARIIS.

906 2163 1265 2366 Qum
1320 2285 1677 2348 statutum
1734 2286 1845 2348 est
1901 2266 2105 2378 quod
2159 2267 2407 2348 nullus
2460 2267 2849 2372 caligarius
2900 2267 3140 2372 possit
3192 2266 3313 2348 uel
3369 2266 3633 2348 debeat
3705 2293 3961 2372 capere

791 2423 913 2503 uel
968 2423 1237 2504 habere
1292 2424 1413 2504 uel
1469 2426 1626 2530 capi
1682 2423 1916 2505 facere
1997 2424 2249 2530 aliquo
2331 2424 2569 2505 modo
2652 2423 2772 2508 uel
2829 2424 3139 2530 ingenio
3192 2450 3329 2530 pro
3397 2423 3719 2504 solatura
3771 2425 3965 2534 paris

794 2580 1276 2666 subtellarum
1329 2580 1463 2690 (2)
1517 2581 1703 2666 ultra
1760 2582 2106 2661 denarios
2158 2609 2283 2664 ΧΗ.
2341 2608 2512 2661 cum
2567 2600 2755 2662 trata
2807 2580 2942 2690 (3)
2999 2584 3133 2661 sub
3187 2609 3378 2689 pena
3433 2581 3654 2662 solidi
3707 2609 3754 2662 1.
3826 2607 3963 2688 pro

789 2736 1125 2852 quolibet
1180 2757 1255 2818 et
1310 2738 1635 2844 qualibet
1688 2738 1850 2819 uice
1907 2738 2253 2819 eamdem
2304 2766 2578 2848 penam
2635 2738 3039 2820 substineat
3110 2766 3425 2844 persona
3480 2765 3624 2846 que
3679 2738 3964 2819 dederit

791 2894 982 2975 ultra
1035 2895 1320 2978 dictum
1375 2894 1718 2978 loerium.
1777 2914 1852 2976 et
1905 2896 2230 3006 quelibet
2309 2923 2627 3002 persona
2697 2897 2935 3006 possit
2991 2897 3162 2977 inde
3193 2923 3556 2980 accusare
3611 2895 3967 2984 contrafa-

791 3054 1115 3133 cientem
1172 3071 1246 3136 et
1300 3052 1566 3134 habeat
1619 3054 1916 3134 tertiam
1969 3072 2254 3164 partem
2307 3054 2555 3133 banni.
2616 3071 2691 3134 et
2746 3072 3081 3138 teneatur
3124 3055 3428 3168 priuata.
3484 3055 3579 3135 Et
3635 3073 3965 3161 potestas

792 3210 1056 3290 debeat
1111 3230 1184 3292 et
1237 3228 1573 3290 teneatur
1628 3210 1801 3291 inde
1858 3212 2243 3316 inquirere.

785 3494 1188 3701 QOD
1269 3571 1926 3655 RECERCATIO
2009 3573 2239 3653 FENI
2321 3572 2557 3653 NON
2641 3572 2997 3654 POSSIT
3061 3570 3313 3654 FIERI
3370 3570 3719 3654 ULTRA
3774 3572 3961 3653 UO-

1099 3728 1683 3811 LUNTATEM
1740 3728 2272 3810 CONSCILII.

914 3946 1267 4147 ΞΕΤΕΜ
1331 4066 1688 4128 statutum
1770 4067 1882 4129 est
1962 4047 2166 4153 quod
2256 4047 2661 4154 capitulum
2741 4047 2833 4128 de
2917 4048 3314 4130 medietate
3395 4049 3544 4131 feni
3615 4051 3964 4157 ponenda

794 4222 1001 4284 extra
1054 4203 1312 4284 uillam
1368 4205 1819 4285 baennarum
1873 4232 2031 4285 non
2083 4206 2323 4314 possit
2375 4232 2705 4316 unquam
2741 4208 3089 4290 recercari
3125 4234 3263 4287 nec
3300 4207 3473 4288 inde
3509 4208 3669 4289 fieri
3724 4209 3964 4314 aliqua

790 4362 1190 4441 recercatio
1244 4388 1373 4466 per
1425 4381 1877 4467 potestatem
1931 4362 2054 4443 uel
2106 4362 2338 4448 alium
2391 4361 2567 4446 loco
2624 4363 2739 4456 sui
2794 4364 2951 4448 sine
3006 4364 3393 4445 uoluntate
3449 4366 3782 4447 conscilii
3842 4367 3964 4448 uel

791 4519 1098 4599 maioris
1149 4521 1400 4624 partiS.
1459 4519 1594 4627 (4)

796 4857 1017 5021 DE
1069 4934 1560 5019 PERSONIS
1645 4934 2209 5016 ACCUSATIS
2289 4936 2428 5016 ET
2509 4933 3305 5017 DEFFENSIONEM
3357 4933 3750 5014 IUSTAM
3806 4932 3964 5012 FE-

1107 5092 1514 5176 CERINT.

913 5310 1266 5511 ΞΕΤΕΜ
1321 5420 1678 5482 statutum
1734 5422 1846 5483 est
1901 5404 2104 5510 quod
2162 5430 2224 5484 Sl
2281 5403 2522 5508 aliqua
2576 5432 2894 5511 persona
2947 5408 3396 5488 accusauerit
3431 5408 3752 5514 aliquam
3806 5440 3961 5518 per-

788 5567 1057 5639 sonam*
1114 5585 1246 5640 seu
1298 5560 1571 5641 bestias
1624 5560 1934 5641 alicuius
1984 5587 2304 5666 persone
2359 5582 2435 5642 et
2486 5563 2580 5642 de
2638 5564 2792 5668 ipsa
2846 5557 3105 5645 accusa
3156 5591 3475 5671 persona
3508 5589 3844 5650 accusata
3881 5597 3960 5651 se
