5117 6834
387 767 539 844 286

2191 355 2580 458 LXVII

784 675 1013 842 DE
1100 754 1341 839 NON
1428 754 1939 839 TENENDO
2027 754 2441 838 BESTIAS
2523 755 3116 839 PORCHINAS
3194 756 3340 836 AD
3366 685 3967 839 .J'1A“CENDUM

1099 912 1464 996 EXTRA·
1505 913 1899 998 UILLAM
1950 911 2627 998 BAENNARUM.

926 1181 983 1299 Ξ»
1017 1205 1077 1317 ζ-
1104 1202 1262 1309 Tm
1318 1247 1676 1309 statutum
1732 1247 1845 1309 est
1899 1228 2104 1333 quod
2159 1230 2484 1335 quelibet
2562 1257 2882 1334 persona
2946 1257 3087 1335 que
3141 1231 3460 1310 tenuerit
3515 1228 3794 1335 aliquas
3847 1232 3965 1309 be·

785 1389 966 1467 stias·
1013 1386 1408 1491 porchinas
1462 1386 1554 1468 ad
1611 1387 2003 1468 iacendum
2059 1388 2325 1469 alicubi
2380 1389 2454 1469 in
2512 1388 2659 1469 fine
2716 1387 3189 1468 baennarum.
3248 1407 3451 1467 extra
3505 1387 3781 1468 dictam
3834 1386 3967 1467 uil-

791 1544 937 1626 lam
994 1564 1330 1626 teneatur
1386 1565 1460 1625 et
1514 1545 1779 1626 debeat
1836 1547 2033 1651 ipsas
2088 1547 2360 1626 bestias
2395 1546 2742 1660 reducere
2801 1565 2873 1625 et
2930 1572 3284 1650 reponere
3322 1545 3415 1626 ad
3453 1545 3706 1626 locum
3747 1572 3961 1654 suum

791 1705 868 1784 in
924 1702 1099 1784 loco
1155 1703 1231 1784 in
1287 1731 1439 1808 quo
1495 1724 1851 1804 consuete
1908 1723 2078 1785 sunt
2135 1704 2371 1786 iacere
2426 1723 2598 1784 ante
2639 1703 2879 1786 solem
2920 1730 3292 1784 occasum.
3335 1722 3409 1783 et
3445 1705 3640 1809 ipsas
3692 1704 3967 1783 bestias

785 1883 1038 1943 tenere
1093 1890 1136 1942 a
1192 1860 1386 1942 dicta
1442 1889 1573 1942 ora
1626 1888 1859 1968 usque
1940 1861 2032 1942 ad
2118 1861 2358 1943 solem
2434 1881 2685 1943 ortum
2741 1863 2819 1942 in
2873 1862 3078 1942 dicto
3135 1860 3330 1942 loco.
3389 1860 3749 1967 itaquod
3808 1889 3965 1941 non

787 2021 1077 2126 possint
1133 2020 1332 2099 exire
1387 2019 1546 2101 ullo
1601 2020 1840 2100 modo
1895 2020 2177 2101 dictum
2235 2019 2489 2100 locum
2546 2001 2728 2100 infra
2783 2018 3017 2100 dictas
3054 2046 3241 2100 oras,
3302 2020 3395 2099 Et
3447 2045 3764 2124 persona
3820 2047 3961 2125 que

784 2178 1300 2261 contrafecerit
1358 2177 1602 2260 soluat
1658 2198 1732 2259 et
1791 2176 2081 2259 soluere
2136 2196 2472 2258 teneatur
2527 2206 2664 2284 pro
2700 2205 2893 2283 pena
2948 2196 3021 2258 et
3074 2180 3325 2257 banno
3361 2178 3672 2282 quocies
3710 2197 3967 2258 contra

786 2336 1039 2419 fecerit
1089 2365 1228 2443 pro
1284 2336 1607 2443 qualibet
1662 2337 1897 2417 bestia
1978 2336 2334 2441 porchina
2409 2335 2697 2416 solidos
2751 2364 2850 2417 111.
2926 2325 3017 2416 Et
3072 2354 3322 2441 pastor
3376 2337 3503 2440 qui
3559 2335 3968 2416 custodiret

788 2496 1022 2578 dictas
1076 2496 1349 2578 bestias
1413 2514 1616 2576 extra
1688 2495 1884 2575 dicta
1959 2493 2123 2576 loca
2190 2492 2433 2575 soluat
2514 2495 2819 2599 quocies
2904 2495 3413 2574 contrafecerit
3486 2492 3773 2575 solidos
3836 2520 3965 2573 xx.

788 2658 881 2737 Et
937 2654 1262 2761 quelibet
1315 2680 1633 2760 persona
1688 2654 1925 2760 possit
1980 2652 2179 2733 inde'
2209 2679 2548 2733 accusare
2633 2654 3241 2733 contrafacientes
3297 2673 3370 2733 et
3427 2653 3493 2732 ei
3550 2653 3969 2752 iuramento

787 2812 1138 2894 credatur.
1200 2813 1295 2893 Et
1346 2830 1679 2917 potestas
1732 2812 1969 2916 possit
2024 2810 2196 2891 inde
2254 2811 2640 2916 inquirere.
2700 2847 2761 2896 et
2807 2796 2977 2916 quod
3024 2828 3231 2917 aliqua
3271 2851 3540 2917 persona
3569 2851 3723 2896 non*
3748 2827 3970 2896 audeat

788 2990 890 3057 uel
934 3006 1258 3078 presumat
1301 3007 1516 3055 tenere
1563 3011 1599 3055 a
1645 2987 1929 3056 kalendis
1974 2989 2216 3055 mensis
2262 2990 2513 3076 augusti
2562 2987 2710 3055 hinc
2765 2986 2842 3055 ad
2889 2987 3124 3056 festum
3170 2991 3370 3056 sancti
3416 2989 3678 3056 martini
3725 2990 3965 3077 aliquas

737 3205 742 3210 .
790 3148 1018 3215 bestias
1049 3147 1387 3236 porchinas
1418 3147 1496 3215 ad
1525 3146 1861 3215 iacendum
1894 3163 2067 3214 extra
2097 3145 2315 3214 uillam
2347 3145 2737 3214 baennarum
2766 3164 2827 3214 et
2856 3169 3127 3235 persona
3150 3170 3271 3236 que
3296 3148 3735 3216 contrafecerit
3764 3149 3970 3217 soluat

790 3328 906 3395 pro
953 3306 1230 3395 qualibet
1273 3322 1462 3374 nocte
1508 3323 1571 3373 et
1615 3304 1890 3395 qualibet
1935 3306 2077 3372 uice
2124 3304 2367 3373 solidos
2411 3329 2496 3371 xx
2541 3323 2823 3372 astenses
2871 3322 2933 3372 et
2978 3305 3149 3394 quod
3195 3304 3274 3391 de
3328 3306 3626 3395 predictis
3694 3306 3970 3395 quelibet

789 3482 1063 3548 persona
1107 3462 1309 3549 possit
1354 3460 1502 3528 inde
1548 3482 1840 3527 accusare
1887 3479 1949 3527 et
1995 3461 2055 3527 ei
2099 3461 2461 3527 iuramento
2495 3459 2783 3527 credatur
2828 3481 2898 3526 er
2941 3459 3166 3527 habeat
3194 3461 3448 3528 tertiam
3479 3477 3723 3549 partem
3755 3460 3966 3529 banni.

791 3636 852 3685 et
897 3637 1174 3707 potestas
1220 3621 1422 3707 possit
1467 3619 1614 3686 inde
1658 3620 1976 3707 inquirere
2022 3617 2100 3685 ad
2147 3640 2329 3685 suam
2376 3617 2792 3685 uoluntatem.

2802 3935 2817 3942 a·
2860 3931 2897 3942 -s·
2918 3936 2942 3942 μ.
2953 3931 3008 3942 η...
3020 3933 3027 3941 n

397 4076 543 4176 287
781 3984 1006 4151 DE
1059 4065 1299 4148 NON
1351 4063 1876 4149 FACIENDO
1931 4063 2361 4148 HERBAM
2395 4064 2508 4145 IN
2544 4062 3145 4146 NEMORIBUS
3196 4063 3682 4145 ALICUIUS
3729 4064 3955 4147 PER-

1093 4223 1371 4306 SONE
1423 4223 1534 4306 IN
1586 4222 1818 4306 FINE
1871 4221 2547 4308 BAENNARUM.
2670 4310 2676 4316 ,

903 4442 1093 4648 ἕξ
1111 4573 1266 4627 τΕΜ
1323 4566 1680 4627 statutum
1738 4565 1849 4626 est
1904 4545 2107 4650 quod
2164 4544 2406 4650 aliqua
2460 4571 2778 4650 persona
2858 4571 3015 4624 non
3070 4545 3306 4649 possit
3361 4572 3497 4626 nec
3553 4544 3819 4626 debeat
3872 4547 3967 4625 ta-

791 4733 953 4787 cere
1010 4732 1146 4785 nec
1204 4706 1429 4786 secari
1487 4703 1721 4785 facere
1776 4704 2102 4808 aliquam
2156 4702 2461 4784 herbam
2519 4705 2597 4783 in
2653 4702 2958 4783 alicuius
3005 4701 3435 4783 nemoribus
3473 4702 3778 4785 alicuius
3813 4732 3965 4809 per-

794 4866 978 4945 sone
1036 4862 1370 4970 specialis
1438 4862 1705 4943 alicubi
1778 4863 1855 4941 in
1923 4862 2072 4943 fine
2149 4865 2625 4943 baennarum.
2696 4862 2789 4941 Et
2861 4889 3176 4966 persona
3240 4889 3383 4967 que
3458 4859 3966 4942 contrafecerit

794 5021 1035 5102 soluat
1091 5041 1165 5101 et
1221 5019 1511 5102 soluere
1576 5039 1911 5101 teneatur
1964 5046 2103 5125 pro
2157 5018 2482 5125 qualibet
2538 5036 2612 5099 et
2666 5017 2992 5124 qualibet
3045 5019 3207 5098 uice
3261 5046 3405 5123 qua
3459 5016 3965 5099 contrafecerit

794 5179 1083 5261 solidos
1137 5209 1185 5259 v
1243 5181 1438 5260 curie
1496 5199 1570 5260 et
1624 5178 1965 5260 todidem
2002 5205 2139 5284 pro
2178 5178 2493 5258 emenda
2531 5203 2754 5283 passo
2809 5176 3242 5282 dampnum.
3299 5176 3393 5256 Et
3450 5176 3774 5282 quelibet
3811 5204 3966 5283 per-

795 5365 979 5419 sona
1033 5339 1270 5442 possit
1324 5335 1496 5417 inde
1553 5363 1916 5416 accusare.
1974 5354 2050 5416 et
2106 5337 2174 5416 ei
2231 5336 2650 5415 iuramento
2707 5334 3061 5415 credatur.
