5117 6834
809 754 891 833 13

810 1765 901 1840 14

806 3093 891 3172 15

805 4587 897 4665 16

1161 668 1384 833 DE
1437 747 1838 831 ACCUSA
1894 747 2184 828 DATA
2240 747 2428 830 PER
2482 745 3077 827 EXEMPLUM.

1300 980 1465 1148 5¹³1:
1493 1067 1650 1122 TEM
1704 1060 2062 1122 statutum
2117 1060 2228 1122 est
2282 1041 2484 1146 quod
2531 1042 2903 1122 accusatio
2966 1060 3365 1147 postquam
3422 1019 3590 1120 data
3646 1040 3860 1120 fuerit
3914 1067 4042 1144 per
4099 1067 4345 1120 exem-

1133 1197 1371 1302 plum
1425 1226 1552 1303 per
1608 1199 1981 1278 notarium
2036 1197 2252 1278 alicui
2306 1225 2622 1304 persone
2678 1226 2835 1279 non
2888 1198 3126 1305 possit
3179 1217 3440 1302 postea
3495 1198 3786 1277 mutari.
3856 1215 3929 1276 et
3995 1200 4055 1277 si
4111 1217 4347 1277 muta-

1168 1374 1361 1435 retur
1418 1354 1619 1459 quod
1676 1354 1799 1435 illa
1853 1382 1996 1459 que
2053 1355 2221 1435 data
2275 1354 2490 1435 fuerit
2545 1383 2671 1461 per
2728 1353 3155 1460 exemplum
3217 1353 3458 1435 valeat
3514 1373 3585 1434 et
3641 1353 3781 1435 alia
3846 1380 4023 1434 non.
4082 1352 4216 1461 (4)

1165 1703 1386 1865 DE
1442 1779 1958 1861 PROCESSU
2013 1778 2366 1858 FACTO
2421 1775 2861 1858 CONTRA
2917 1774 3539 1855 CAPITULUM.

1401 2140 1471 2206 33.-
1493 2118 1650 2173 TEM
1708 2111 2062 2172 statutum
2120 2111 2230 2172 est
2285 2092 2487 2197 quod
2545 2093 2606 2172 si
2660 2111 2990 2196 potestas
3044 2092 3164 2172 uel
3230 2093 3388 2172 eius
3451 2091 3705 2172 locum
3772 2112 4035 2172 tenens
4099 2092 4347 2172 fecerit

1167 2248 1487 2353 aliquem
1516 2277 1945 2355 processum
1978 2267 2235 2329 contra
2263 2248 2585 2353 aliquam
2611 2275 3006 2353 personam
3036 2248 3276 2353 aliqua
3305 2250 3697 2330 occasione
3734 2269 3990 2330 contra
4026 2249 4348 2331 formam

1165 2406 1470 2488 alicuius
1524 2408 1842 2513 capituli.
1881 2406 2001 2487 uel
2041 2406 2530 2514 capitulorum
2570 2406 3044 2487 baennarum.
3101 2405 3269 2487 talis
3321 2434 3710 2511 processus
3765 2409 3858 2487 sit
3913 2407 4187 2488 nullius
4226 2435 4348 2487 ua-

1166 2565 1365 2645 loriS.
1422 2585 1493 2646 et
1544 2565 1865 2671 predicta
1920 2592 2234 2671 persona
2273 2566 2429 2646 sine
2468 2565 2615 2646 ulla
2653 2565 3090 2670 probatione
3146 2565 3266 2644 uel
3322 2564 3783 2645 deffensione
3838 2594 3879 2646 a
3935 2566 4138 2647 dicto
4185 2593 4350 2672 pro·

1167 2751 1377 2804 cessu
1432 2723 1877 2803 absoluatur.
1936 2722 2071 2831 (5)

1163 3059 1567 3265 QJOD
1624 3139 2261 3221 CONSCILIUM
2297 3138 2652 3219 POSSIT
2690 3138 3256 3219 LICENTIAM
3294 3138 3570 3219 DARE
3616 3138 3748 3216 DE
3786 3138 4338 3220 CAPITULIS.

1290 3374 1479 3577 Q
1501 3483 1658 3540 TEM
1714 3478 2072 3540 statutum
2128 3478 2240 3539 est
2294 3459 2497 3564 quod
2555 3457 2993 3539 conscilium
3064 3460 3303 3564 possit
3358 3459 3528 3538 dare
3594 3457 3969 3539 licentiam
4022 3459 4115 3540 de
4189 3487 4347 3540 orn-

1167 3618 1383 3697 nibus
1446 3616 1780 3721 capitulis
1845 3618 1906 3697 si
1959 3616 2310 3724 placuerit
2366 3616 2726 3697 conscilio
2781 3617 2901 3698 uel
2957 3618 3221 3698 maiori
3271 3618 3479 3724 parti.
3540 3617 3747 3698 saluo
3802 3617 4005 3723 quod
4063 3619 4346 3699 dictum

1167 3773 1605 3855 conscilium
1661 3802 1817 3855 non
1870 3776 2107 3880 possit
2162 3774 2333 3855 dare
2390 3774 2764 3855 licentiam
2848 3774 2940 3855 de
3022 3774 3358 3881 capitulis
3421 3775 3894 3880 loquentibus
3948 3777 4041 3857 de
4097 3776 4347 3882 aliquo

1167 3933 1496 4037 ipsorum
1555 3960 1768 4038 super
1823 3932 2206 4013 maleficiis
2260 3951 2333 4013 et
2386 3933 2599 4037 penis
2672 3932 3148 4038 imponendis
3229 3934 3621 4013 occasione
3678 3933 4218 4014 maleficiorum
4273 3954 4346 4015 et

1165 4089 1606 4171 delictorum
1644 4090 2248 4172 comitendorum
2288 4091 2445 4172 sine
2483 4090 2779 4171 licentia
2816 4091 3106 4172 domini
3147 4091 3473 4197 episcopi
3529 4091 3664 4199 (6)
3718 4091 3838 4172 uel
3878 4093 4036 4172 eius
4073 4095 4344 4196 uicarij.

1163 4266 1253 4303 seu
1292 4250 1583 4319 potestatis.

1163 4536 1386 4701 DE
1441 4613 2259 4696 CONDICIONIBUS
2315 4612 2607 4693 UILLE
2661 4611 3253 4691 SOLUENDIS.

1397 4956 1649 5028 ΤΕΜ
1705 4950 2061 5011 statutum
2119 4950 2230 5011 est
2284 4932 2486 5036 quod
2544 4956 2813 5013 omnes
2894 4933 3020 5036 qui
3083 4933 3354 5013 habent
3409 4953 3636 5014 terras
3691 4954 3764 5014 et
3831 4938 4346 5039 possessiones

1160 5094 1236 5172 in
1274 5090 1448 5171 uilla
1487 5109 1561 5170 et
1596 5117 1817 5197 posse
1847 5089 1983 5197 (7)
2012 5088 2460 5169 baennarum
2499 5108 2885 5170 teneantur
2923 5090 3211 5206 soluere
3252 5111 3325 5172 et
3363 5092 3596 5173 facere
3632 5092 3868 5197 parias
3896 5093 4031 5201 (8)
4062 5113 4135 5174 et
4172 5122 4345 5176 con-

1161 5251 1497 5330 diciones
1552 5248 1687 5358 (9)
1741 5248 1915 5329 uille
1969 5248 2294 5354 predicte
2352 5250 2677 5354 exceptis
2731 5249 3060 5330 dominis
3122 5249 3312 5358 (10)
3377 5270 3451 5331 et
3506 5250 4017 5333 ecclesiasticis
4073 5272 4145 5333 et
4202 5252 4346 5333 illis

1161 5408 1427 5512 quibus
1482 5434 1804 5488 comune
1860 5409 2313 5487 baennarum
2368 5407 2513 5487 hoc
2570 5408 3067 5488 conuenisset.
3127 5428 3200 5488 et
3256 5408 3318 5488 si
3372 5409 3806 5513 reperiretur
3869 5408 4110 5514 aliqua
4175 5437 4343 5514 pos-

1166 5566 1400 5647 sessio
1455 5592 1597 5670 que
1651 5592 1808 5646 non
1865 5566 1959 5646 sit
2012 5566 2090 5645 in
2145 5584 2447 5668 regesto
2503 5566 2586 5673 (1
2610 5565 2692 5672 1)
2747 5585 3078 5671 potestas
3158 5585 3492 5647 teneatur
3558 5567 3921 5671 inquirere
3979 5587 4053 5648 et
4108 5567 4342 5648 facere
