5117 6834
777 744 926 821 262

784 2533 928 2632 263

795 4162 950 4257 264

1176 670 1399 837 DE
1456 747 1969 833 CANNABO
2049 743 2557 829 BATENDO
2613 743 2758 827 AD
2813 744 3564 828 BATENDERIUM
3616 743 3806 828 PER
3861 694 4347 841 ALIQUEM

1489 907 1626 990 DE
1677 905 2124 989 FAmuA.

1305 1123 1655 1329 ffl‘rr-:M
1713 1232 2070 1295 statutum
2136 1233 2248 1294 est
2320 1213 2523 1319 quod
2581 1214 2797 1294 liceat
2878 1212 3176 1294 cuilibet
3237 1239 3554 1319 persone
3615 1216 4064 1295 baennarurn
4119 1214 4353 1296 facere

1173 1375 1421 1454 batere
1479 1393 1552 1452 et
1609 1374 1836 1478 aptari
1894 1400 2110 1453 suum
2169 1374 2530 1453 canabum
2586 1372 2677 1452 ad
2735 1371 3247 1452 batenderium
3304 1373 3781 1453 baennarum.
3846 1401 3976 1479 per
4031 1372 4355 1478 aliquem

1173 1531 1266 1611 de
1322 1529 1597 1611 familia
1653 1559 1805 1612 sua.
1864 1529 1986 1611 uel
2043 1530 2272 1610 alium
2327 1557 2551 1635 quern
2633 1529 2976 1610 uoluerit.
3054 1531 3240 1610 sicut
3323 1529 3630 1611 solitum
3713 1550 3846 1612 est.
3909 1559 4001 1612 ex
4056 1532 4356 1636 antiqua

1176 1688 1713 1769 consuetudine
1796 1689 2193 1794 approbata
2249 1689 2325 1768 in
2380 1687 2709 1768 baenniS.
2768 1705 2972 1773 silicet
3017 1705 3094 1773 ad
3141 1683 3575 1774 batenderium
3624 1676 4017 1796 superiorem
4072 1723 4134 1773 et
4186 1707 4358 1796 quod

1177 1864 1476 1933 dominus
1523 1882 1801 1954 potestas
1846 1882 2135 1933 teneatur
2178 1864 2437 1932 uinculo
2482 1866 2821 1931 iuramenti
2868 1863 3072 1931 facere
3119 1864 3459 1985 obseruare
3506 1887 3767 1986 presens
3835 1864 4182 1954 capitulum
4230 1865 4355 1933 illis

1178 2025 1287 2113 qui
1333 2040 1549 2091 tenent
1572 1981 1963 2091 molandiria
2009 2042 2073 2090 et
2119 1980 2514 2090 batenderia
2507 2040 2622 2089 et
2635 2024 2810 2111 ipsos
2856 1978 3123 2090 facere
3100 2044 3311 2090 1111313
3343 2045 3490 2090 cum
3539 2023 3645 2090 3111
3693 2022 3996 2091 officiales
4043 2022 4356 2090 iurabuut.

1180 2457 1407 2624 DE
1458 2536 1818 2620 PRATIS
1871 2535 2292 2619 RIUOIRE
2363 2534 2498 2642 (1)
2552 2532 2772 2631 QUE
2826 2530 3167 2613 STENT
3220 2529 3693 2680 BANNITA
3746 2525 4059 2609 INFRA
4097 2524 4362 2606 CON—

1494 2695 1805 2778 FINES.

1313 2912 1663 3115 Quem
1719 3021 2078 3084 statutum
2134 3023 2246 3084 est
2302 3002 2504 3108 quod
2559 3023 2762 3108 prata
2817 3005 3089 3083 riuoire
3146 3003 3329 3084 infra
3383 3004 3721 3085 confines
3777 3004 4114 3085 ordinata
4170 3023 4366 3086 stent

1186 3163 1486 3275 bannita
1523 3189 1755 3281 usque
1792 3161 1884 3272 apd
1925 3179 2253 3275 3311313111
2294 3161 2604 3287 mariam
2643 3161 2922 3273 mensis
2978 3161 3416 3271 septembris
3472 3163 3813 3272 exceptis
3841 3164 4077 3283 pratis
4127 3164 4367 3273 ⁴sancti

1188 3286 1445 3401 donati
1485 3337 1559 3399 et
1594 3319 2070 3424 pruyciorum
2112 3319 2237 3423 (2)
2277 3337 2350 3399 et
2387 3318 2549 3399 aliis
2604 3320 2828 3424 pratis
2884 3318 3124 3399 solitis
3176 3318 3577 3406 disbanniri
3619 3340 3692 3400 et
3729 3322 3912 3426 poni
3951 3339 4157 3424 extra
4190 3348 4369 3412 >con-

1186 3477 1377 3558 fines
1430 3504 1573 3581 que
1629 3475 2030 3556 disbanniri
2087 3477 2377 3580 possint
2459 3476 2550 3555 ad
2617 3476 3086 3556 uoluntatem
3169 3476 3528 3557 conscilii.
3589 3497 3663 3558 et
3718 3479 3864 3558 hoc
3923 3506 4078 3559 non
4131 3478 4370 3585 possit

1186 3633 1558 3714 remoueri
1615 3632 1977 3713 conscilio
2032 3632 2153 3713 uel
2209 3632 2359 3713 alio
2395 3632 2657 3713 modo.

1189 4089 1415 4256 DE
1467 4167 1841 4249 BESTIIS
1894 4165 2312 4249 BOUINIS
2347 4164 2589 4247 NON
2626 4163 3279 4246 HABENTIBUS
3317 4159 3758 4244 CORNUA
3822 4157 4366 4242 SCURZATA

1506 4323 2358 4407 OFFENDENTIBUS
2410 4322 2710 4405 ALIAS
2763 4321 3199 4404 BESTIAS.

1319 4542 2079 4749 ffirm‘statutum
2138 4654 2249 4716 est
2305 4634 2507 4740 quod
2594 4636 2654 4715 si
2735 4634 2976 4740 aliqua
3059 4638 3291 4716 bestia
3368 4638 3640 4716 bouina
3697 4664 3852 4717 non
3908 4637 4189 4717 habens
4245 4665 4375 4718 seu

1195 4823 1337 4901 que
1394 4822 1551 4875 non
1606 4795 1940 4874 habuerit
1996 4820 2270 4874 cornua
2327 4812 2658 4873 scurzata
2713 4792 3106 4874 offenderit
3176 4793 3498 4899 aliquam
3552 4770 3773 4874 aliam
3830 4794 4144 4876 bestiam
4201 4823 4369 4876 cum

1194 4951 1565 5033 cornibus.
1624 4968 1962 5031 teneatur
2016 4950 2372 5031 dominus
2416 4949 2623 5037 *dicte
2679 4950 2911 5032 bestie
2994 4950 3268 5031 bouine
3352 4951 3804 5032 offendentis
3859 4953 4241 5033 restituere
4299 4973 4372 5033 et

1196 5110 1590 5192 emendate
1648 5109 2056 5214 dampnum
2095 5109 2509 5214 predictum
2546 5107 2653 5189 illi
2692 5110 2897 5189 cuius
2934 5108 3146 5190 fuerit
3184 5109 3379 5189 dicta
3415 5110 3647 5190 bestia
3695 5138 3920 5215 quam
3958 5109 4378 5231 offenderit.

1196 5287 1276 5354 Et
1321 5287 1375 5353 si
1421 5285 1628 5374 aliqua
1671 5283 1874 5355 bestia
1922 5283 2157 5352 bouina
2201 5308 2324 5373 que
2370 5283 2627 5352 haberet
2674 5307 2911 5352 cornua
2957 5302 3236 5352 scurzata
3284 5284 3616 5353 offenderit
3647 5285 3922 5373 aliquam
3966 5284 4234 5352 bestiam
4265 5284 4380 5352 bo-

1196 5446 1415 5511 uinam
1461 5445 1763 5513 dominus
1809 5444 1977 5512 dicte
2022 5443 2222 5511 bestie
2268 5465 2400 5511 non
2445 5460 2732 5511 teneatur
2776 5445 2844 5511 in
2891 5443 3156 5512 emenda
3202 5444 3368 5513 dicte
3414 5443 3613 5512 bestie
3659 5467 3975 5533 percusse.
