5117 6834
2155 357 2415 460 XIX

735 619 1028 701 taleam.
1087 637 1162 701 et
1215 621 1276 700 si
1334 620 1434 701 ita
1490 646 1568 701 se
1623 647 1780 701 non
1834 621 2183 703 obtulerit
2237 624 2586 728 potestati
2658 622 2892 705 facere
2946 625 3315 707 rationem
3367 625 3489 707 uel
3553 625 3917 707 conscilio

738 776 1145 856 bennarum
1198 774 1384 856 infra
1437 775 1722 857 dictum
1776 779 2180 859 terminum
2244 777 2487 860 soluat
2555 806 2693 884 pro
2763 808 2954 900 pena
3017 781 3372 863 collector
3434 782 3662 888 ipsius
3723 782 3917 864 talee

739 933 1025 1014 solidos
1076 959 1151 1013 x.
1211 951 1285 1013 et
1337 932 1869 1015 nichilominus
1924 934 1986 1014 si
2037 933 2363 1039 predicta
2416 962 2573 1016 non
2628 937 2878 1017 lecerit
2932 938 3173 1019 soluat
3225 965 3363 1044 pro
3417 938 3740 1043 qualibet
3792 939 3918 1021 die

737 1088 1023 1170 solidos
1087 1115 1189 1171 111.
1256 1107 1330 1170 et
1389 1108 1721 1195 potestas
1781 1109 2114 1171 teneatur
2168 1091 2443 1172 dictam
2504 1093 2873 1173 rationem
2935 1094 3506 1176 rationatoribus
3571 1095 3919 1177 comunis

738 1244 919 1325 infra
972 1245 1165 1326 duos
1219 1245 1380 1326 dies
1433 1265 1830 1351 postquam
1885 1245 2099 1327 fuerit
2153 1247 2544 1352 requisitus
2598 1246 2831 1328 facere
2868 1221 3050 1329 fieri.
3092 1268 3165 1329 et
3211 1268 3543 1331 teneatur
3586 1269 3921 1356 potestas

734 1399 967 1481 facere
1022 1400 1176 1507 legi
1231 1420 1306 1482 et
1366 1400 1575 1482 reddi
1638 1403 2007 1483 rationem
2069 1406 2370 1483 tactam.
2429 1404 2616 1484 sicut
2671 1403 2858 1485 facta
2911 1403 3127 1485 fuerit
3181 1406 3255 1484 in
3312 1386 3672 1487 conscilio
3746 1410 3923 1488 ben-

735 1584 1018 1638 narum.
1055 1557 1099 1598 '⁶
1137 1577 1210 1639 et
1263 1577 1474 1663 pacta
1529 1559 1890 1664 inquirere
1946 1559 2148 1640 iuxte
2202 1585 2447 1664 posse.
2506 1560 2642 1668 (1)

355 2057 406 2135 9
423 2057 455 2111 1
701 1977 1105 2184 QJOD
1168 2053 1989 2139 CONSTITUATUR
2052 2057 2240 2153 QUI
2300 2057 2984 2140 RESPONDEAT
3049 2061 3160 2142 IN
3231 2063 3594 2144 BENNIS
3661 2065 3870 2149 PRO

1014 2211 1592 2295 EXTRANEIS
1644 2211 1962 2296 SUPER
2014 2211 2394 2293 TALEIS.

831 2449 1021 2652 ἒξ
1055 2573 1211 2627 ΤΕΜ
1267 2564 1625 2627 statutum
1663 2565 1737 2627 et
1773 2546 2199 2626 ordinatum
2237 2564 2350 2626 est
2385 2545 2589 2650 quod
2645 2547 2969 2652 quelibet
3020 2574 3336 2652 persona
3389 2575 3544 2630 non
3582 2550 3922 2633 habitans

740 2704 1090 2784 continue
1147 2729 1320 2782 cum
1376 2701 1651 2782 familia
1707 2727 1837 2782 sua
1892 2703 1969 2781 in
2024 2701 2288 2782 bennis
2359 2727 2503 2807 que
2568 2720 2819 2783 tamen
2877 2703 2971 2783 sit
3028 2703 3106 2783 in
3159 2703 3479 2808 registro
3541 2705 3717 2786 dicti
3771 2705 3923 2787 loci

740 2879 1075 2941 teneatur
1128 2858 1364 2940 facere
1422 2877 1497 2940 et
1551 2858 1819 2939 debeat
1873 2877 1948 2939 et
2003 2860 2412 2960 substinere
2468 2886 2552 2940 ac
2608 2859 2949 2940 ordinare
2987 2860 3063 2940 in
3119 2860 3324 2942 dicto
3381 2861 3554 2956 loco
3608 2861 3935 2967 aliquem

742 3017 835 3097 de
891 3017 1067 3098 loco
1119 3016 1455 3122 predicto
1508 3034 2066 3122 procuratorem
2121 3042 2340 3096 suum
2395 3034 2470 3096 et
2525 3015 2700 3097 loco
2756 3017 2867 3097 sui
2922 3016 3013 3097 ad
3072 3017 3471 3099 soluendas
3525 3018 3736 3100 talias
3789 3048 3936 3124 que

745 3174 881 3255 sibi
939 3175 1294 3278 imposite
1349 3172 1617 3254 fuerint
1673 3199 1804 3253 seu
1857 3200 2000 3277 que
2056 3173 2195 3254 sibi
2248 3174 2718 3278 peruenerint
2773 3199 2865 3253 ex
2918 3173 3131 3255 taleis
3185 3174 3665 3280 imponendis
3717 3177 3795 3256 in
3832 3176 3941 3256 fu-

745 3348 995 3410 turum
1059 3356 1187 3435 per
1250 3329 1602 3410 homines
1664 3327 2073 3409 bennarum
2129 3329 2229 3408 ita
2292 3328 2496 3435 quod
2563 3330 2740 3435 ipsis
2805 3331 3171 3411 extraneis
3233 3357 3389 3411 non
3463 3330 3941 3413 denuntietur

743 3485 1049 3568 ulterius
1103 3485 1378 3591 aliquid
1436 3485 1530 3567 de
1585 3485 1803 3566 dictis
1856 3485 2068 3567 taleis
2121 3485 2593 3590 inponeudis,
2635 3504 2708 3567 et
2747 3486 2808 3567 si
2846 3486 2970 3568 illa
3004 3487 3172 3569 talis
3214 3515 3532 3594 persona
3587 3507 3934 3570 extranea

744 3670 901 3725 non
969 3644 1278 3725 soluerit
1341 3670 1510 3725 suas
1570 3642 1783 3724 talias
1854 3641 2349 3747 imponendas
2410 3641 2504 3723 ad
2560 3643 2964 3754 terminum
3029 3645 3154 3749 qui
3226 3670 3441 3751 super
3504 3645 3651 3726 hoc
3700 3645 3935 3725 ,fuerit

744 3801 1128 3882 ordinatus
1182 3800 1427 3882 soluat
1479 3801 1720 3880 banna
1774 3827 1916 3905 que
1956 3826 2170 3905 super
2224 3799 2403 3904 ipsis
2456 3799 2670 3881 taleis
2725 3800 3182 3881 excutiendis
3235 3802 3583 3907 imposita
3636 3801 3931 3881 fuerint.

745 3985 900 4039 non
974 3956 1317 4038 obstante
1374 3983 1469 4037 eo
1525 3956 1728 4062 quod
1794 3957 1930 4038 sibi
1987 3983 2143 4036 non
2217 3955 2434 4037 fuerit
2497 3955 3025 4038 denunciatum
3079 3957 3173 4037 de
3247 3958 3465 4037 dictis
3527 3957 3760 4038 taleis.
3827 3960 3931 4039 ita

741 4116 944 4221 quod
1002 4114 1283 4196 nullam
1339 4115 1656 4194 omnino
1709 4115 1950 4220 possit
2010 4112 2443 4218 pretendere
2508 4113 3010 4218 ignorantiam
3068 4133 3141 4195 et
3195 4112 3728 4196 nichilominus
3783 4115 3931 4196 col-

745 4271 1061 4353 lectores
1115 4273 1437 4376 ipsarum
1493 4270 1832 4352 taliarum
1887 4289 2273 4351 teneantur
2329 4289 2406 4351 et
2458 4270 2776 4352 debeant
2829 4270 3150 4352 uendere
3206 4271 3677 4352 consortibus
3732 4270 3931 4354 illius

743 4429 909 4510 talis
960 4455 1277 4535 persone
1341 4447 1707 4508 extranee.
1766 4447 1841 4508 et
1903 4429 2129 4508 etiam
2193 4426 2485 4507 illarum
2555 4454 3037 4532 personarum
3111 4426 3447 4509 datarum
3509 4456 3647 4533 pro
3709 4428 3929 4511 malis

744 4584 1202 4667 debitoribus
1228 4583 1321 4664 de
1349 4583 1948 4689 possessionibus
1975 4586 2128 4665 suis
2164 4611 2257 4665 ex
2292 4583 2440 4665 illis
2475 4583 2821 4666 uidelicet
2857 4611 3176 4689 quorum
3233 4605 3621 4668 consortes
3655 4585 3933 4668 fuerint

745 4743 1022 4823 scilicet
1086 4741 1216 4821 uni
1280 4741 1616 4821 consorti
1675 4740 1797 4821 uel
1858 4740 2187 4846 pluribus
2250 4759 2324 4822 et
2387 4739 2562 4821 inde
2625 4740 2942 4821 habeant
3002 4740 3303 4847 plenam
3365 4742 3686 4847 bayliam
3760 4743 3923 4850 (2).

744 4927 825 4980 ac
890 4901 951 4980 si
1018 4924 1341 4979 comune
1398 4897 1805 4978 bennarum
1858 4898 2004 4980 hoc
2060 4897 2350 4979 faceret.
2423 4898 2522 4978 Et
2592 4891 2917 5002 predicta
2989 4899 3246 4979 omnia
3311 4917 3385 4979 et
3457 4899 3749 5004 singula
3800 4927 3925 4979 ua-

745 5055 938 5136 leant
978 5073 1052 5136 et
1087 5055 1459 5136 remoueri
1497 5081 1652 5136 non
1690 5055 1980 5161 possint
2032 5054 2191 5135 ullo
2245 5055 2485 5135 modo
2522 5080 2678 5134 non
2716 5052 3059 5135 obstante
3096 5054 3253 5164 ullo
3290 5056 3445 5136 iure
3481 5054 3602 5136 uel
3639 5075 3921 5138 statuto

743 5212 936 5293 facto
1000 5212 1121 5293 uel
1185 5211 1548 5293 faciendo.
1616 5213 1710 5294 Et
1772 5211 1975 5318 quod
2037 5230 2369 5318 potestas
2422 5230 2759 5293 teneatur
2820 5211 3329 5316 constringere
3389 5232 3777 5292 consortes
3843 5232 3921 5294 et

740 5370 1006 5450 debeat
1058 5369 1150 5449 ad
1209 5369 1613 5450 emendum
1669 5368 1901 5449 dictas
1954 5368 2467 5474 possessiones
2521 5387 2596 5450 et
2651 5366 3095 5449 soluendum
3149 5367 3378 5449 taleas
3433 5386 3507 5449 et
3557 5396 3785 5474 penas
3839 5389 3918 5450 et

740 5525 975 5606 banna
1042 5527 1118 5606 in
1182 5528 1448 5632 quibus
1503 5524 1879 5607 incidisset
1943 5525 2065 5607 ille
2132 5527 2338 5606 cuius
2393 5545 2587 5608 esset
2642 5526 3045 5631 possessio,
3112 5524 3350 5605 saluo'
3386 5526 3589 5630 quod
3654 5528 3715 5607 si
3764 5489 3931 5647 ‘ec--
