5117 6834
397 1338 539 1434 362

400 4121 540 4222 363

2076 281 2631 385 LXXXVI

782 588 1147 667 fossatum
1203 586 1415 689 penis
1472 602 1546 664 et
1601 583 1865 663 bannis
1919 584 2293 688 impositis
2347 584 2690 688 personis
2745 583 3473 664 contrafacientibus.
3513 602 3734 688 prout
3771 584 3973 664 uide-

780 745 974 825 bitur
1030 745 1165 848 ipsi
1225 743 1544 822 domino
1599 743 1973 847 potestati.
2017 743 2109 821 Et
2146 741 2674 821 confirmatum
2712 761 2824 822 est
2861 742 3006 822 hoc
3063 741 3488 847 capitulum.
3550 741 3759 823 saluo
3816 742 3970 822 iure
4095 814 4098 817 ,

785 899 1174 982 cuiuslibet
1227 927 1544 1005 persone
1604 899 1959 1005 specialis

768 1238 994 1404 DE
1073 1315 1554 1398 FossATo
1644 1313 2173 1396 FAcffiNDo
2255 1314 2393 1395 ET
2479 1310 3304 1394 MANUTENENDO
3391 1311 3540 1393 AD
3627 1312 3961 1395 RIUUM

1082 1477 1432 1561 RUBEE.
1509 1475 1643 1584 (1)

897 1691 1085 1895 Q
1105 1819 1267 1873 TEM
1352 1810 1706 1873 statutum
1793 1810 1905 1871 est
1988 1790 2190 1897 quod
2276 1790 2598 1895 quelibet
2681 1817 2994 1896 persona
3058 1789 3340 1872 habens
3409 1794 3971 1896 possessionem

785 1949 1115 2057 aliquam
1170 1950 1260 2030 ad
1319 1952 1562 2030 riuum
1620 1950 1843 2029 rubee
1900 1950 2337 2053 contiguam
2394 1949 2700 2028 comuni
2760 1948 2854 2028 ab
2912 1969 3215 2054 utraque
3272 1969 3473 2054 parte
3522 1952 3641 2031 vie
3678 1978 3722 2030 a
3758 1972 3968 2056 prato

784 2109 1094 2189 villelmi
1153 2129 1354 2214 spate
1414 2136 1645 2212 usque
1701 2107 1794 2187 ad
1853 2127 2125 2187 terram
2210 2109 2606 2186 borrorum
2664 2127 2736 2187 et
2794 2107 3032 2187 danici
3118 2136 3391 2213 quayre
3477 2129 3549 2188 et
3606 2130 3966 2214 quantum

776 2286 980 2346 tenet
1036 2266 1232 2346 dicta
1285 2286 1475 2345 terra
1531 2285 1867 2345 teneatur
1923 2265 2156 2346 facere
2218 2266 2502 2346 dictum
2587 2263 2950 2345 fossatum
3007 2286 3080 2345 et
3138 2286 3620 2346 manutenere
3684 2240 3959 2347 factum

782 2424 876 2504 de
932 2424 1164 2503 tribus
1221 2443 1293 2504 et
1349 2451 1449 2504 1111
1507 2424 1819 2529 pedibus
1858 2451 2073 2529 super
2111 2451 2433 2504 comune
2476 2425 2664 2503 inter
2704 2451 2781 2503 se
2821 2443 2895 2503 et
2935 2450 3258 2503 comune
3298 2425 3397 2503 ita
3437 2424 3638 2528 quod
3680 2424 3963 2505 dictum

784 2580 1146 2661 fossatum
1205 2582 1300 2661 sit
1354 2584 1799 2685 contiguum
1856 2582 2052 2662 dicte
2108 2582 2565 2686 possessioni
2629 2608 2855 2685 usque
2912 2580 3003 2660 ad
3060 2579 3334 2660 festum
3383 2602 3855 2686 pentecostes
3895 2602 3967 2662 et

786 2741 1114 2843 proicere
1171 2758 1440 2819 terram
1497 2740 1673 2819 dicti
1730 2738 1983 2819 fossati
2042 2759 2281 2819 totam
2339 2766 2638 2818 uersum
2696 2740 2894 2839 uiam
2953 2742 3086 2818 sub
3142 2766 3327 2843 pena
3398 2739 3810 2820 solidorum
3867 2768 3970 2823 ΠΗ

784 2924 921 3001 pro
976 2901 1228 2976 banno
1285 2917 1357 2976 et
1414 2898 1736 2977 totidem
1792 2925 1927 3002 pro
1985 2896 2299 2977 emenda
2357 2899 2664 2976 comuni
2721 2925 2854 3002 pro
2910 2896 3234 3003 qualibet
3315 2925 3630 3003 persona
3686 2919 3972 2994 contra·

786 3053 1097 3134 faciente
1157 3073 1229 3133 et
1287 3054 1819 3134 nichilominus
1875 3074 2209 3134 teneatur
2265 3074 2745 3135 manutenere
2801 3055 3084 3135 dictum
3123 3053 3485 3135 fossatum
3539 3076 3620 3135 ut
3677 3056 3963 3137 dictum

788 3231 923 3291 est.
984 3231 1058 3292 et
1116 3214 1174 3292 si
1234 3241 1375 3317 qua
1432 3238 1748 3317 persona
1807 3214 2342 3292 strauariauerit
2397 3241 2665 3317 aquam
2748 3212 2926 3292 dicti
2982 3213 3236 3294 fossati
3293 3213 3560 3293 alicubi
3617 3215 3964 3295 eamdem

784 3396 1058 3474 penam
1116 3372 1546 3456 substineat.
1607 3372 1700 3450 Et
1756 3370 2080 3477 quelibet
2136 3396 2451 3475 persona
2489 3373 2727 3475 possit
2767 3371 2937 3451 inde
2977 3398 3315 3453 accusare
3356 3371 3970 3455 contrafacientes

788 3546 862 3608 et
919 3529 985 3607 ei
1044 3528 1463 3608 iuramento
1521 3528 1877 3608 credatur.
1938 3530 2031 3609 Et
2088 3548 2417 3633 potestas
2475 3530 2709 3633 possit
2795 3529 2966 3609 inde
3052 3530 3418 3634 inquirere
3475 3516 3725 3636 aliquo
3782 3533 3969 3637 capi-

788 3686 949 3766 tulo
1006 3713 1160 3766 non
1219 3686 1584 3766 obstante.
2909 3666 2916 3671 .

781 4015 1006 4181 DE
1057 4094 1535 4176 FossATo
1590 4093 2119 4175 FACIENDO
2155 4078 2301 4179 AD
2339 4092 2766 4173 MOLIAM
2801 4090 3245 4173 MARTINI
3298 4029 3958 4173 TRosARELLL

909 4311 1265 4517 fflTEM
1321 4443 1676 4505 statutum
1737 4444 1849 4505 est
1922 4425 2128 4530 quod
2213 4425 2536 4529 quelibet
2616 4453 2932 4529 persona
3015 4425 3294 4505 habens
3348 4426 3866 4529 possessiones
3921 4455 3963 4506 a

792 4585 1021 4666 molia
1078 4613 1221 4691 que
1277 4584 1411 4664 fuit
1467 4585 1761 4664 martini
1821 4583 2180 4665 trosarelli
2238 4611 2469 4688 usque
2525 4583 2617 4663 ad
2672 4604 2984 4688 pontem
3022 4581 3302 4662 tiraculi
3344 4583 3479 4690 (2)
3516 4584 3606 4663 ab
3664 4604 3968 4689 utraque

790 4766 992 4851 parte
1048 4745 1169 4824 uie
1225 4762 1560 4823 teneatur
1617 4764 1690 4823 et
1747 4743 2012 4824 debeat
2068 4741 2301 4822 facere
2358 4750 2593 4821 ‘unum
2676 4739 3036 4821 fossatum
3112 4742 3301 4821 inter
3376 4770 3453 4822 se
3511 4761 3584 4821 et
3640 4770 3966 4823 comune

792 4931 1023 5007 usque
1080 4903 1171 4981 ad
1227 4903 1509 4980 dictum
1568 4920 1901 5005 pontem.
1962 4900 2201 4980 taliter
2258 4899 2460 5004 quod
2517 4926 2704 5003 aqua
2779 4926 2932 4978 non
3014 4900 3252 5003 possit
3338 4898 3478 4978 labi
3537 4901 3613 4978 in
3671 4901 3788 4979 uia
3845 4927 3973 5004 pu-

668 5135 675 5141 .
794 5059 1003 5140 blica.
1063 5059 1299 5155 Quod
1357 5057 1719 5139 fossatum
1777 5058 2092 5139 debeant
2148 5057 2406 5138 fecisse
2491 5084 2723 5162 usque
2779 5058 2870 5138 ad
2928 5055 3199 5137 festum
3281 5076 3754 5160 pentecostes
3807 5086 3975 5163 pro-

796 5220 996 5297 xime
1052 5237 1449 5298 uenturum
1509 5218 1644 5297 sub
1698 5245 1887 5321 pena
1971 5237 2044 5296 et
2130 5219 2375 5297 banno
2452 5216 2868 5296 solidorum
2924 5243 2999 5296 111
3056 5242 3192 5320 pro
3249 5213 3572 5319 qualibet
3629 5243 3969 5319 persona.

795 5376 888 5454 Et
943 5374 1477 5454 nichilominus
1531 5393 1865 5454 teneatur
1920 5373 2154 5454 facere
2237 5373 2519 5453 dictum
2604 5373 2988 5453 fossatum.
3050 5393 3121 5452 et
3179 5373 3381 5477 quod
3466 5393 3798 5478 potestas
3852 5374 3972 5454 uel

798 5533 954 5612 eius
1011 5532 1264 5612 locum
1320 5553 1585 5612 tenens
1639 5550 1973 5613 teneatur
2030 5531 2244 5611 faceri
2300 5530 2457 5612 fieri
2516 5530 2799 5610 dictum
2855 5530 3214 5610 fossatum
3274 5550 3352 5610 ut
3407 5530 3689 5611 dictum
3747 5552 3880 5612 est.
