5117 6834
478 3095 627 3173 282

2282 338 2625 447 LXVI

856 638 1022 718 roni
1077 635 1292 717 alicui
1330 662 1664 756 ‘personne
1719 663 1869 743 que,
1915 655 2249 716 teneatur
2288 654 2369 745 et
2416 635 2682 716 debeat
2736 655 3216 717 manutenere
3271 637 3633 742 putheum
3689 638 4032 743 quarterii

851 796 1085 876 sancti
1140 792 1571 875 ehustachii.·
1618 793 1755 874 ‘tali
1806 762 2049 874 'modo
2107 812 2179 875 et
2233 791 2471 875 forma
2527 793 2731 900 quod
2787 788 3110 900 predicte
3147 784 3484 901 ⁶persone
3526 778 3832 900 ‘quibus‘
3863 768 4032 877 date

851 951 1118 1035 fuerint
1173 952 1367 1033 dicta
1424 951 1742 1033 leamina
1796 970 2184 1033 teneantur
2240 971 2312 1033 et
2367 951 2684 1032 debeant
2748 971 3227 1033 manutenere
3283 952 3478 1033 dicta
3531 934 3824 1059 puthea.
3884 954 4036 1035 Sci·

856 1112 1027 1227 licet
1082 1111 1389 1217 quilibet
1445 1113 1778 1217 ipsorum
1835 1137 2052 1191 suum
2107 1111 2466 1216 putheum
2522 1111 2712 1192 bene
2770 1131 2843 1191 et
2898 1130 3407 1217 competenter
3444 1130 3795 1217 aptatum.
3856 1140 4026 1193 cum

859 1270 1075 1352 situla
1130 1269 1376 1351 cordis
1432 1290 1506 1352 et
1562 1268 1892 1350 cathenis
1947 1269 2299 1350 omnibus
2356 1271 2507 1350 suis
2564 1271 2927 1375 expensis.
2959 1288 3243 1350 etcum
3282 1270 3409 1350 tali
3465 1271 3776 1375 ingenio
3833 1271 4037 1376 quod

858 1456 1045 1533 aqua
1100 1426 1336 1533 possit
1392 1412 1651 1508 leuiter
1706 1446 1780 1507 et
1836 1444 2347 1532 competenter
2429 1427 2707 1508 extrahi
2776 1426 2869 1508 de
2925 1427 3144 1508 dictis
3225 1426 3541 1532 putheiS.
3629 1428 4039 1511 secundum

857 1585 1061 1692 quod
1116 1586 1484 1667 uidebitur
1537 1585 1894 1690 potestati
1949 1604 2024 1665 et
2080 1584 2380 1666 sindicis
2435 1584 2886 1666 baennarum
2951 1587 3076 1691 qui
3141 1612 3277 1690 pro
3350 1603 3689 1691 tempore
3745 1588 4035 1667 luerint.

860 1746 953 1825 Et
1007 1772 1324 1850 persona
1381 1772 1471 1826 ex
1524 1743 1872 1851 predictis
1926 1770 2068 1849 que
2125 1743 2633 1826 contrafecerit
2715 1744 2958 1826 soluat
3038 1702 3179 1850 pro
3257 1771 3444 1850 pena
3502 1745 3825 1850 qualibet
3878 1748 4040 1827 uice

861 1931 1003 2009 qua
1060 1903 1593 2016 contrafeceritv
1626 1902 1913 1985 solidos
1965 1931 2014 1981 v
2071 1903 2292 1982 curie.
2352 1921 2425 1984 et
2480 1902 2805 2009 quelibet
2858 1930 3175 2009 persona
3211 1906 3448 2009 possit
3484 1905 3657 1986 inde
3704 1932 4040 1986 accusare

864 2061 1516 2144 contrafacientem
1576 2080 1649 2142 et
1704 2064 1771 2143 ei
1829 2063 2248 2142 iuramento
2304 2060 2660 2142 credatur.
2719 2063 2810 2142 Et
2866 2064 2925 2142 si
2984 2090 3123 2167 qua
3178 2089 3496 2169 persona
3578 2085 3867 2169 caperet
3921 2063 4043 2145 uel

864 2239 1265 2302 amassaret
1319 2220 1412 2301 de
1469 2221 1672 2301 dicto
1727 2219 2046 2301 leamine
2128 2220 2501 2301 dictorum
2539 2271 2545 2277 -
2585 2248 2997 2326 gurgorum
3074 2222 3398 2327 exceptis
3459 2224 3798 2328 personis
3852 2224 4045 2303 ordi-

865 2381 1057 2459 natis
1111 2378 1203 2460 ad
1262 2378 1900 2460 manutenendum
1939 2378 2133 2460 dicta
2170 2378 2463 2484 puthea.
2523 2378 2765 2460 soluat
2819 2406 2955 2484 pro
3010 2406 3200 2485 pena
3257 2379 3544 2461 solidos
3597 2409 3646 2459 v
3700 2409 3837 2487 pro
3875 2410 4044 2488 qua-

865 2535 1047 2617 libet
1102 2537 1264 2616 uice
1321 2555 1395 2659 et
1450 2535 1775 2641 quelibet
1831 2563 2147 2642 persona
2202 2537 2438 2642 possit
2502 2535 2675 2616 inde
2747 2563 3110 2616 accusare.
3172 2556 3245 2617 et
3301 2539 3368 2617 ei
3424 2539 3842 2619 iuramento
3898 2566 4046 2619 cre·

868 2694 1101 2775 datur.
1161 2715 1236 2776 et
1292 2714 1620 2800 potestas
1675 2697 1911 2801 possit
1966 2695 2138 2777 inde
2194 2696 2582 2802 inquirere.
2640 2696 2775 2803 (Ι)

3651 2876 3762 2894 hs*
3817 2882 3820 2885 ·

806 3152 813 3157 -
868 3037 1092 3207 DE
1144 3114 1366 3200 oue
1417 3116 1556 3201 ET
1609 3113 1952 3201 cAPRA
2018 3117 2135 3185 ΕΤ
2180 3052 2401 3188 ΑιΠὲ
2448 3046 2964 3208 Βεὲΐῑῑέω
2994 3046 3477 3194 muns
3513 3108 3624 3195 IN
3657 3036 4047 3207 ‘Amano

1181 3273 1657 3360 DAMPNO.

1193 3600 1349 3656 TEM
1406 3593 1766 3655 statutum
1840 3594 1954 3656 est
2027 3576 2228 3680 quod
2286 3574 2611 3680 quelibet
2667 3576 2835 3655 ouis
2891 3594 2963 3655 et
3020 3603 3231 3681 capra
3285 3604 3427 3682 que
3484 3578 3784 3658 inuenta
3839 3578 4053 3659 fuerit

877 3734 953 3813 in
1009 3732 1256 3813 alieno
1311 3732 1642 3838 dampno
1698 3732 1940 3814 soluat
1994 3733 2348 3814 dominus
2412 3732 2813 3813 bestiarum
2896 3760 3030 3839 pro
3096 3733 3344 3815 banno
3426 3733 3770 3816 denarios
3824 3763 3925 3816 1111
3981 3755 4054 3817 et

876 3890 1196 4017 totidem
1251 3918 1389 3997 pro
1447 3889 1766 3975 emenda
1823 3917 1959 4002 pto
2014 3889 2337 4000 qualibet
2394 3891 2625 3993 bestia
2681 3917 2900 3995 passo
2957 3889 3388 3996 dampnum.
3432 3910 3505 3972 et
3542 3918 3677 3997 pro
3732 3886 4056 3997 qualibet

879 4011 1112 4130 bestia
1158 4008 1455 4131 bouina
1487 4068 1571 4130 et
1608 4046 2027 4155 porchina
2037 4062 2110 4128 et
2165 4049 2471 4128 asinina
2498 4023 2920 4149 denarios
2917 4075 2993 4127 vl
3050 4048 3123 4128 et
3151 4040 3496 4131 totidem
3550 4077 3685 4155 pro
3719 4036 4057 4131 emenda

881 4226 957 4289 et
1009 4207 1334 4313 quelibet
1387 4207 1620 4289 bestia
1677 4207 2030 4288 cauallina
2086 4205 2365 4287 mulina
2422 4204 2749 4286 solidum
2786 4232 2810 4285 1
2849 4224 2922 4285 et
2958 4201 3276 4286 totidem
3314 4234 3449 4311 pro
3488 4195 3801 4288 emenda
3838 4236 4057 4314 passo

881 4364 1315 4472 dampnum.
1375 4385 1449 4447 et
1503 4367 1596 4446 de
1654 4383 1875 4446 nocte
1932 4363 2127 4444 dicta
2181 4365 2422 4444 banna
2487 4362 2950 4469 duplicentur
3004 4364 3262 4444 omnia
3318 4383 3391 4444 et
3445 4364 3752 4470 quilibet
3806 4386 4056 4470 pastor

880 4525 1005 4629 qui
1062 4523 1466 4605 custodiret
1522 4522 1803 4628 aliquas
1858 4524 2129 4604 bestias
2167 4523 2244 4603 in
2281 4521 2527 4603 alieno
2577 4521 2905 4626 dampno
2962 4521 3055 4602 de
3111 4542 3333 4603 nocte
3390 4520 3632 4603 soluat
3687 4549 3823 4627 pro
3870 4498 4058 4629 pena

888 4702 961 4763 et
1022 4685 1268 4763 banno
1323 4702 1614 4762 tanturn
1670 4700 2029 4787 quantum
2086 4680 2460 4762 soluerent
2500 4679 2772 4760 bestias
2826 4707 3007 4784 quas
3062 4680 3464 4761 custodiret
3493 4706 3586 4761 ex
3618 4679 3856 4761 forma
3907 4708 4063 4787 pre-

883 4841 1113 4921 sentis
1169 4839 1489 4945 capituli.
1548 4842 1642 4920 Et
1696 4840 1900 4945 quod
1956 4839 2048 4920 de
2103 4838 2451 4944 predictis
2488 4837 2812 4943 quelibet
2847 4864 3162 4943 persona
3198 4838 3434 4944 possit
3491 4804 3662 4917 inde
3719 4865 4057 4920 accusare

884 4997 977 5078 de
1035 5025 1174 5079 suo
1229 4998 1559 5104 dampno
1614 5016 1687 5078 et
1744 4996 1838 5078 de
1894 4996 2141 5077 alieno
2196 5016 2269 5077 et
2325 4998 2393 5077 ei
2450 4997 2869 5077 iuramento
2925 4976 3256 5077 credatur
3309 4994 3558 5101 aliquo
3624 4994 3945 5100 capitulo
3981 4996 4059 5076 in

816 5238 821 5243 ,
886 5157 1337 5237 contrarium
1419 5155 1614 5237 facto
1668 5153 1789 5235 uel
1843 5153 2127 5235 facturo
2207 5181 2364 5234 non
2448 5153 2815 5234 obstante.
2901 5173 2975 5234 et
3056 5153 3318 5234 habeat
3399 5154 3691 5233 tertiam
3774 5172 4058 5258 partem

886 5315 1132 5394 banni.
1198 5343 1253 5387 et
1287 5332 1427 5404 quod
1463 5332 1639 5402 aliqua
1675 5346 1900 5402 persona
1935 5347 2048 5385 non
2086 5330 2249 5400 possit
2284 5329 2475 5384 ducere
2512 5329 2579 5384 ad
2618 5328 2981 5401 pasquandum
3017 5328 3218 5398 aliquas
3253 5344 3433 5411 capras
3469 5345 3562 5383 seu
3598 5344 3809 5399 capram
3834 5345 3957 5383 cum
3981 5330 4065 5384 be·

888 5473 1001 5528 stiis
1038 5472 1235 5528 lanosis
1271 5483 1326 5527 et
1360 5472 1624 5543 porchinis
1660 5483 1715 5527 et
1750 5460 1841 5543 qui
1877 5469 2244 5527 contrafecerit
2280 5470 2454 5526 soluat
2490 5482 2702 5525 tantum
2737 5481 2994 5540 quantum
3019 5468 3250 5524 solueret
3279 5484 3374 5539 pro
3398 5468 3543 5523 dicto
3567 5467 3708 5523 facto
3744 5469 3800 5524 in
3837 5468 4067 5541 capitulo

889 5615 956 5668 de
992 5614 1170 5669 bestiis
1206 5613 1432 5685 caprinis
1468 5626 1524 5669 et
1559 5613 1806 5685 porcinis.
1844 5596 1979 5704 (3)
