5117 6834
860 2284 1008 2385 380

858 3940 997 4107 {81

1272 636 1541 838 Ἠῶ
1586 753 1696 843 (3)
1743 772 1886 821 sunt
1931 753 2198 842 capitula
2247 753 2403 820 facta
2450 774 2739 841 tempore
2787 753 3019 820 nobilis
3051 773 3115 820 et
3146 756 3442 841 sapientis
3490 757 3612 820 viri
3658 753 3905 821 domini
3965 755 4196 821 Bolleri
4242 754 4321 822 de

1141 895 1394 963 bolleris
1463 897 1791 984 potestatis
1863 894 2245 962 baennarum
2316 895 2517 962 silicet
2578 918 2689 983 per
2735 894 3161 961 Guillermum
3211 894 3570 962 bealetium.
3639 894 3964 962 Seluetum
4037 920 4317 983 vayram.

1139 1035 1567 1105 Guillermum
1630 1039 1904 1124 nigrum.
1969 1038 2309 1105 Nazerium
2371 1035 2666 1103 chocum.
2729 1054 2979 1124 petrum
3043 1035 3390 1103 Banallum.
3457 1036 3785 1103 henricum
3863 1037 4318 1104 trossarellum.

1141 1176 1441 1245 Iacobum
1489 1164 1905 1265 prepositum.
1956 1176 2257 1242 Iacobum
2307 1191 2609 1264 cognum.
2660 1176 3010 1243 Iohannem
3081 1175 3396 1243 ollerium.
3456 1175 3819 1244 Bonardum
3870 1177 4208 1244 Gazerum.
4263 1199 4322 1244 et

1103 1299 1107 1305 ’
1141 1316 1548 1385 fenunculum
1594 1318 1705 1408 (4)
1753 1320 2134 1384 Manzanum
2183 1316 2625 1405 capitulatores
2673 1317 2749 1383 ad
2783 1317 2905 1384 hoc
2953 1317 3210 1384 ellectos
3244 1341 3353 1406 per
3385 1316 3676 1405 generale
3709 1319 4086 1385 conscilium
4123 1320 4319 1385 Baen-

1138 1481 1363 1526 narum
1383 1458 1679 1547 aprobata
1701 1478 1761 1524 et
1786 1459 2156 1525 confirmata
2182 1482 2295 1546 per
2318 1458 2744 1525 venerabilem
2770 1460 2980 1524 virum
3007 1442 3344 1525 dominum
3372 1458 3800 1525 Gulliermum
3825 1458 4191 1545 Raymundi
4210 1458 4321 1547 (5)

1140 1598 1403 1666 ecclesie
1449 1601 1712 1666 astensis
1760 1601 2067 1665 uicarium
2114 1598 2470 1686 generalem
2515 1622 2586 1665 ac
2628 1621 2738 1686 per
2785 1598 3158 1665 conscilium
3206 1598 3497 1685 generale
3555 1598 3940 1666 baennarurn
3974 1622 4047 1665 ac
4095 1597 4320 1666 lectaet

1140 1738 1449 1828 publicata
1474 1762 1585 1827 per
1609 1763 1713 1805 me
1739 1739 2164 1806 Guillermum
2190 1738 2613 1806 Cunibertum
2647 1740 2966 1805 notarium
3002 1739 3116 1805 sub
3149 1762 3317 1805 anno
3365 1739 3612 1806 domini
3662 1738 4008 1806 millesimo
4042 1762 4316 1807 CCCXLIII

1138 1879 1464 1947 Indicione
1510 1879 1845 1945 undecima
1892 1878 1992 1945 die
2042 1879 2384 1967 penultima
2417 1878 2793 1945 decembris,

1141 2217 1368 2392 (DE
1408 2311 1561 2366 NON
1599 2310 2025 2366 SEMINANDO
2063 2310 2362 2364 CANABO
2402 2311 2473 2363 IN
2513 2310 2728 2364 ORTIS
2766 2220 3100 2383 PASCUI).

1275 2504 1623 2705 &mmo
1671 2637 2020 2686 statuerunt
2067 2619 2222 2686 dicti
2269 2617 2712 2706 capitulatores
2760 2618 2931 2706 quod
2980 2617 3184 2705 aliqua
3233 2640 3502 2705 persona
3552 2640 3681 2685 non
3716 2619 3917 2706 possit
3949 2640 4067 2684 nec
4100 2616 4323 2684 debeat

1140 2763 1454 2827 seminare
1487 2783 1605 2827 nec
1636 2761 1940 2827 seminari
1974 2758 2175 2826 facere
2216 2758 2471 2847 aliquod
2519 2780 2741 2824 semen
2788 2757 3008 2825 canabi
3054 2760 3118 2825 in
3167 2760 3323 2824 ortis
3369 2760 3582 2847 pascui
3631 2758 3834 2825 silicet
3880 2760 3948 2825 in
3995 2760 4152 2825 ortis
4200 2780 4321 2846 que

1141 2920 1284 2968 sunt
1330 2903 1493 2969 inter
1540 2904 1712 2968 uiam
1761 2903 2073 2967 maiorem
2122 2919 2184 2967 et
2230 2902 2403 2967 uiam
2452 2902 2656 2966 crucis
2704 2864 2819 2965 sub
2891 2922 3051 2988 pena
3121 2922 3237 2987 pro
3285 2899 3560 2988 qualibet
3621 2922 3890 2986 persona
3938 2919 4003 2965 et
4049 2898 4324 2987 qualibet

1142 3043 1281 3109 uice
1326 3041 1684 3109 solidorum
1736 3065 1815 3109 Lx
1862 3043 2207 3108 astensium
2257 3063 2371 3107 nec
2418 3042 2485 3106 in
2533 3063 2650 3106 suo
2698 3006 2814 3107 nec
2861 3043 2927 3106 in
2974 3040 3183 3107 alieno
3230 3063 3345 3107 nec
3417 3062 3614 3128 prope
3662 3040 3847 3108 dictis
3895 3043 4051 3107 ortis
4101 3040 4322 3107 alienis
4389 3086 4397 3096 -

1139 3205 1253 3271 per
1299 3182 1459 3249 duos
1506 3182 1820 3249 trabucos.
1871 3183 2003 3249 Nec
2052 3183 2245 3248 etiam
2294 3205 2327 3247 a
2375 3183 2476 3247 uia
2524 3203 2647 3269 que
2693 3180 2866 3247 uadit
2912 3203 3131 3248 uersus
3163 3200 3415 3269 pratum
3449 3182 3698 3249 domini
3729 3204 3916 3270 supra
3949 3203 4082 3248 non
4115 3184 4317 3269 possit

1139 3325 1454 3391 seminare
1501 3346 1618 3390 nec
1666 3325 1969 3390 seminari
2016 3322 2217 3390 facere
2266 3345 2484 3389 semen
2532 3321 2684 3389 dicti
2732 3321 2954 3388 canabi
3003 3342 3061 3388 et
3110 3322 3280 3410 quod
3329 3322 3407 3389 de
3455 3322 3753 3411 predictis
3800 3322 4100 3390 dominus
4148 3340 4324 3411 pote-

1141 3483 1268 3531 stas
1313 3466 1516 3553 possit
1561 3465 1708 3532 inde
1757 3465 2074 3552 inquirere
2144 3463 2223 3530 ad
2296 3486 2472 3529 suam
2543 3463 2947 3529 uoluntatem
3018 3463 3229 3551 aliquo
3278 3462 3552 3551 capitulo
3600 3465 3667 3529 in
3714 3465 4106 3530 contrarium
4155 3463 4321 3557 facto

1141 3629 1273 3673 non
1322 3604 1629 3673 obstante.

1143 3948 1372 4113 (DE
1411 4036 1784 4091 ELIGENDIS
1822 3946 2597 4107 ATERMINATORIBUS).

1295 4337 1352 4399 ‘²⁰'
1384 4299 1446 4418 »⁵²2
1463 4369 1597 4415 TEM
1643 4364 1994 4413 statuerunt
2040 4345 2303 4434 predicti
2350 4344 2794 4433 capitulatores
2840 4344 3011 4434 quod
3058 4363 3336 4431 potestas
3407 4344 3792 4412 baennarum
3838 4363 4179 4432 postquam
4229 4347 4318 4410 iu-

1140 4490 1371 4556 rauerit
1418 4506 1604 4553 suum
1654 4484 1939 4553 officium
1985 4484 2101 4551 sub
2147 4484 2405 4552 uinculo
2474 4487 2815 4552 iuramenti
2883 4502 3171 4552 teneatur
3219 4502 3280 4550 et
3326 4483 3549 4551 debeat
3595 4483 3754 4551 infra
3801 4509 3885 4550 xv
3933 4483 4068 4551 dies
4117 4485 4320 4552 facere

1139 4629 1313 4718 elligi
1359 4632 1425 4696 in
1472 4628 1780 4696 conscilio
1824 4648 1891 4695 x1
1936 4629 2413 4695 aterminatores
2446 4629 2556 4716 qui
2586 4645 2916 4693 teneantur
2962 4644 3024 4693 et
3071 4625 3339 4693 debeant
3387 4628 3477 4693 ire
3527 4646 3640 4714 per
3683 4625 3876 4693 finem
3927 4624 4316 4692 baennarum

1141 4789 1203 4839 et
1248 4770 1606 4837 discernere
1655 4790 1930 4837 comune
1976 4791 2012 4834 a
2061 4787 2351 4836 seuerato
2398 4787 2461 4834 et
2505 4767 2676 4857 quod
2727 4786 3001 4835 rectores
3050 4786 3111 4835 et
3159 4766 3384 4835 sindici
3454 4769 3748 4834 comunis
3809 4784 4141 4833 teneantur
4187 4770 4320 4834 uin-

1141 4912 1287 4982 culo
1334 4913 1672 4979 iuramenti
1721 4910 1924 4977 facere
1972 4909 2311 5003 obseruare
2380 4929 2742 4997 presentem
2815 4908 3158 4995 capitulum
3225 4927 3285 4973 et
3355 4910 3629 4996 proponi
3674 4911 3737 4974 in
3786 4907 3957 4974 dicto
4012 4908 4320 4973 conscilio

1141 5053 1526 5121 baennarum
1575 5054 1755 5118 omni
1802 5072 1971 5118 anno
2018 5049 2178 5117 infra
2224 5049 2465 5117 dictum
2512 5052 2879 5116 terminum.
