5117 6834
384 796 535 873 215

2113 378 2610 487 XLVIIII

763 706 924 875 D
927 788 991 869 E
1020 781 1518 870 PERSONIS
1543 780 2128 870 EXTRANEIS
2154 778 2727 866 ACCUSATIS
2755 777 2889 863 DE
2915 776 3237 864 REBUS
3263 774 3464 861 UEL
3488 774 3633 858 DA
3641 774 3952 858 MPNIS

1081 945 1340 1029 FINIS
1392 940 2142 1028 BAENNARUM.

896 1157 1264 1363 ἒΕἹ-ΕΜ
1319 1280 1678 1341 statutum
1762 1280 1873 1341 est
1938 1260 2143 1365 quod
2201 1261 2263 1340 si
2317 1258 2558 1364 aliqua
2614 1285 2930 1364 persona
2987 1275 3334 1337 extranea
3389 1275 3728 1341 accusata
3762 1255 3978 1336 fuerit

696 1446 706 1457 ·
785 1421 878 1501 de
934 1420 1189 1530 aliquo
1246 1419 1577 1526 dampno
1632 1418 1754 1499 uel
1810 1446 1887 1498 re
1943 1418 2252 1499 alicuius
2306 1444 2625 1523 persone
2683 1414 3017 1522 specialis
3079 1414 3250 1495 finis
3314 1410 3767 1495 baennarum
3824 1413 4018 1521 sol-⁸

782 1598 908 1659 uat
963 1577 1273 1684 duplum
1328 1578 1549 1659 huius
1605 1577 1810 1683 quod
1870 1577 2194 1658 solueret
2232 1603 2550 1681 persona
2607 1574 2699 1655 de
2757 1575 3064 1653 baennis
3109 1591 3445 1653 accusata
3500 1572 3592 1652 de
3649 1571 3979 1677 dampno

781 1736 1141 1843 predicto,
1202 1755 1276 1817 et
1331 1735 1661 1842 quelibet
1716 1763 2034 1841 persona
2088 1736 2328 1840 possit
2384 1733 2558 1814 inde
2615 1759 2980 1813 accusare.
3060 1750 3134 1811 et
3208 1734 3276 1812 ei
3349 1733 3770 1812 iuramento
3836 1758 3981 1811 cre-

782 1894 1017 1974 datur.
1078 1913 1152 1974 et
1207 1895 1474 1975 habeat
1528 1896 1828 1975 tertiam
1883 1912 2171 1999 partem
2228 1893 2476 1973 banni.
2562 1893 2656 1971 Et
2736 1890 2882 1971 hoc
2949 1887 3352 1995 capitulum
3408 1888 3663 1970 locum
3717 1861 4017 1969 habeat*

783 2053 859 2132 in
916 2051 1244 2133 boschis.

763 2540 1171 2751 QOD
1224 2618 1763 2705 POTESTAS
1814 2615 2384 2701 TENEATUR
2436 2612 2835 2698 FACERE
2901 2610 3169 2696 ELIGI
3238 2609 3522 2693 DUOS
3577 2608 3953 2693 MASSA-

831 2782 849 2795 '
1061 2780 1332 2867 RIOS
1368 2777 1689 2863 INFRA
1735 2774 2167 2860 MENSEM
2198 2772 2512 2859 UNUM
2545 2772 2688 2855 EX
2737 2771 2984 2855 ILLIS
3039 2768 3230 2870 QUI
3281 2768 3712 2852 HABENT
3763 2766 3953 2852 OR-

1076 2939 1289 3022 Tos
1342 2940 1456 3022 IN
1506 2935 2077 3023 BERGoNIA
2158 2924 2353 3031 (1)

892 3155 1255 3361 Qum
1311 3276 1668 3339 statutum
1708 3275 1820 3338 est
1875 3256 2080 3361 quod
2135 3273 2469 3361 potestas
2527 3256 2981 3338 baennarum
3017 3277 3356 3339 teneatur
3393 3258 3627 3340 facere
3684 3259 3862 3365 eligi
3902 3261 3977 3339 in

782 3443 1124 3497 mensem
1179 3444 1414 3496 unum
1468 3435 1868 3521 postquam
1924 3416 2271 3495 iurauerit
2307 3415 2679 3518 regimem
2720 3443 2939 3495 suum
2978 3443 3069 3496 ex
3109 3415 3255 3496 illis
3292 3418 3416 3522 qui
3455 3417 3730 3497 habent
3768 3436 3980 3498 ortos

780 3576 857 3655 in
912 3575 1276 3679 bergonia
1313 3577 1440 3681 qui
1478 3576 1712 3655 iurare
1767 3593 2156 3656 teneantur
2212 3573 2446 3655 facere
2503 3573 2745 3655 claudi
2784 3575 3027 3655 dictos
3064 3593 3275 3656 ortos
3331 3602 3544 3656 secus
3599 3577 3803 3656 uiam
3851 3603 3978 3680 pu-

785 3734 1052 3814 blicam
1109 3732 1456 3839 expensis
1512 3733 1856 3813 omnium
1896 3751 1970 3813 et
2009 3731 2470 3837 singularum
2506 3731 2940 3812 habentium
2980 3751 3190 3812 ortos
3227 3732 3505 3813 ibidem
3545 3734 3701 3813 siue
3747 3759 3978 3838 prope

782 3891 1061 3972 dictam
1116 3891 1318 3975 uiam
1378 3891 1535 3970 siue
1592 3888 1850 3994 longe.
1892 3908 1965 3969 et
2004 3888 2237 3970 facere
2276 3889 2509 3969 teneri
2545 3907 2833 3994 apertas
2870 3908 2945 3970 et
2983 3889 3362 3994 expeditas
3399 3888 3753 3970 bealerias
3791 3892 3977 3970 sicut

781 4046 1174 4151 designate
1233 4066 1427 4128 sunt.
1487 4048 1646 4143 Qui
1703 4048 2037 4127 massarii
2093 4047 2413 4127 habeant
2474 4046 2776 4151 plenam
2858 4046 3182 4150 bayliam
3237 4046 3550 4131 faciendi
3604 4047 3763 4127 fieri
3817 4075 3976 4152 pre·

781 4204 976 4285 dicta
1029 4232 1166 4310 pro
1221 4224 1304 4284 ut
1359 4205 1468 4286 eis
1522 4204 1890 4286 uidebitur
1946 4205 2383 4309 imponendi
2423 4204 2723 4285 cuilibet
2757 4231 3074 4309 persone
3111 4204 3411 4285 habenti
3450 4224 3661 4286 ortos
3699 4205 3978 4286 ibidem

782 4382 1145 4469 quantum
1204 4362 1497 4444 soluere
1554 4362 1828 4444 debent
1885 4362 1977 4443 de
2035 4363 2379 4475 expensis
2434 4363 2799 4443 dictarum
2881 4361 3391 4444 clausularum.
3478 4364 3572 4442 Et
3653 4363 3977 4468 quelibet

781 4546 1101 4624 persona
1157 4548 1299 4625 que
1355 4548 1514 4600 non
1571 4520 1879 4639 soluerit
1933 4522 2420 4626 quantitatem
2478 4521 2543 4600 ei
2603 4520 3034 4626 impositam
3087 4547 3218 4626 per
3273 4520 3517 4601 dictos
3581 4523 3979 4602 massarios

788 4677 1033 4759 soluat
1086 4706 1224 4783 pro
1281 4706 1467 4783 pena
1526 4677 1813 4759 solidos
1867 4706 1944 4759 111
2000 4698 2075 4759 et
2139 4678 2670 4759 nichilominus
2724 4698 3059 4759 teneatur
3115 4678 3405 4760 soluere
3488 4682 3976 4784 quantitatem

783 4836 1217 4941 predictam.
1275 4838 1467 4916 Item
1522 4836 1726 4941 quod
1784 4837 2110 4942 quelibet
2143 4864 2462 4943 persona
2499 4838 2781 4917 habens
2818 4855 3029 4917 ortos
3068 4864 3278 4918 secus
3313 4839 3515 4917 uiam
3570 4838 3976 4942 predictam

785 5011 1120 5074 teneatur
1177 5014 1656 5075 manutenere
1687 5012 1762 5074 et
1789 4993 2025 5075 facere
2065 4996 2346 5075 rianam
2384 4995 2519 5103 (2)
2549 5013 2909 5100 quantum
2946 5014 3173 5109 tenet.
3217 4994 3623 5075 secundum
3665 4994 3868 5100 quod
3909 4995 3977 5075 ei

786 5171 1218 5257 preceptum
1275 5153 1491 5233 luerit
1545 5180 1674 5258 per
1730 5152 1975 5234 dictos
2038 5154 2458 5234 massanos,
2519 5153 2619 5232 ita
2675 5153 2879 5258 quod
2935 5180 3123 5258 aqua
3178 5180 3332 5233 non
3395 5154 3634 5258 possit
3704 5154 3977 5233 uersari

788 5312 946 5391 siue
1003 5312 1201 5391 exire
1258 5311 1352 5392 de
1407 5310 1603 5391 dicta
1656 5313 1881 5392 tiana.
1939 5339 2067 5418 per
2122 5313 2326 5391 uiam
2379 5311 2775 5417 publicam.
2835 5313 2928 5392 Et
2982 5311 3107 5416 qui
3164 5311 3677 5391 contrafecerit
3732 5310 3978 5391 soluat

787 5497 923 5574 pro
1014 5469 1265 5550 banno
1321 5469 1668 5550 denarios
1720 5497 1823 5551 vn
1880 5488 1954 5550 et
2008 5468 2331 5550 totidem
2386 5497 2523 5574 pro
2581 5470 2899 5550 emenda
2956 5470 3258 5550 comuni
3319 5470 3624 5574 quocies
3679 5488 3977 5549 contra-

788 5626 1088 5707 fecerit..
1163 5629 1258 5707 Et
1312 5627 1636 5730 quelibet
1671 5627 1911 5732 possit
1984 5627 2157 5708 inde
2213 5655 2550 5708 accusare
2627 5646 2701 5707 et
2757 5628 2824 5708 ei
2881 5629 3299 5708 iuramento
3354 5627 3708 5709 credatur.

968 5865 1048 5940 13
