5117 6834
717 787 860 841 211

724 2416 872 2471 212

659 4973 865 5076 '213

1112 692 1335 858 DE
1386 765 1885 853 NoTARns
1938 761 2243 849 CUROE
2292 757 2970 886 BAENNARUM.

1237 985 1584 1189 QTEM
1640 1090 1996 1152 statutum
2054 1090 2164 1149 est
2221 1069 2423 1174 quod
2481 1068 2815 1169 notarius
2870 1068 3068 1146 curie
3134 1068 3589 1146 baennarum
3643 1085 3980 1147 teneatur
4036 1085 4111 1146 et
4166 1066 4298 1146 de-

1111 1234 1282 1314 beat
1339 1231 1651 1312 scribere
1706 1258 1842 1336 pro
1869 1254 2362 1334 »quacumque
2416 1253 2736 1331 persona
2819 1226 3222 1307 terminum
3279 1225 3537 1305 datum
3590 1253 3727 1330 pro
3782 1224 4090 1305 denario
4145 1252 4170 1304 1
4226 1243 4299 1304 et

1113 1416 1656 1496 quamcumque
1711 1387 2171 1493 positionem
2229 1413 2357 1465 seu
2414 1385 2959 1490 exceptionem.
3002 1401 3074 1462 et
3111 1382 3672 1488 replicationem
3711 1410 3847 1488 pro
3903 1382 4209 1463 denario
4246 1409 4294 1462 1.

974 1645 980 1654 ⁸
1113 1550 1206 1629 de
1264 1548 1518 1628 libello
1575 1575 1730 1627 non
1786 1546 2053 1625 debeat
2106 1545 2370 1624 habere
2426 1542 2614 1623 ultra
2672 1543 3018 1624 denarios
3072 1570 3148 1622 VI
3204 1561 3278 1622 et
3333 1541 3424 1622 de
3483 1541 3807 1647 qualibet
3880 1543 4297 1621 intentione

1114 1735 1345 1812 usque
1403 1709 1477 1786 in
1535 1706 1841 1785 duabus.
1900 1703 2246 1784 denarios
2300 1730 2372 1783 11.
2432 1721 2506 1782 et
2562 1701 2654 1782 de
2710 1702 3045 1808 quolibet
3098 1702 3319 1781 titulo
3375 1701 3865 1806 positionum.
3925 1718 3997 1779 et
4053 1700 4298 1778 inten-

1114 1868 1412 1946 tionum
1469 1883 1541 1944 et
1594 1864 2158 1968 replicationum
2214 1861 2557 1941 denarios
2612 1888 2685 1941 11.
2748 1882 2820 1940 et
2874 1890 2916 1941 a
2970 1860 3254 1940 duabus
3309 1859 3848 1940 intentionibus
3887 1885 4100 1963 supra
4153 1885 4290 1962 pro

1117 2021 1441 2128 qualibet
1498 2022 1913 2118 intentione
1970 2021 2355 2101 denarium
2386 2048 2607 2124 1.-que
2664 2018 2851 2098 ultra
2906 2019 3141 2099 dictas
3196 2017 3378 2119 duas
3433 2017 3701 2097 fuerint
3748 2017 4054 2121 scripte.
4274 2045 4281 2050 ¹

1113 2319 1270 2490 D
1275 2399 1339 2482 E
1391 2396 2056 2484 SARTORIBUS.

1241 2609 1593 2822 QUEM
1648 2687 2007 2788 statutum
2064 2725 2138 2787 et
2192 2706 2619 2787 ordinatum
2703 2707 2743 2810 (
2753 2706 2839 2812 3)
2923 2725 3034 2786 est
3115 2705 3318 2811 quod
3404 2676 3723 2786 sartores
3778 2724 3934 2786 tam
3990 2703 4300 2786 masculi

1120 2892 1344 2970 quam
1398 2864 1674 2945 femine
1729 2883 2116 2945 teneantur
2171 2864 2404 2944 facere
2462 2849 2814 2969 gonellos
2867 2863 3003 2971 (4)
3059 2882 3133 2944 et
3188 2861 3592 2944 fustanicos
3647 2864 3782 2971 (5)
3864 2862 4299 2944 hominibus

1118 3022 1618 3102 habitantibus
1672 3023 1748 3101 in
1803 3022 2112 3102 baennis
2164 3022 2207 3061 ⁴‘
2262 3023 2477 3102 etatis
2531 3048 2635 3101 xv
2690 3047 3061 3102 annorum
3141 3019 3263 3101 uel
3324 3020 3514 3101 ultra
3566 3049 3702 3126 pro
3768 3021 4086 3103 denariis
4147 3048 4298 3102 vm.

1120 3198 1196 3259 et
1249 3207 1348 3258 xv
1404 3207 1772 3260 annorum
1828 3179 2011 3261 infra
2065 3207 2297 3285 usque
2335 3179 2427 3260 ad
2483 3207 2611 3260 vm
2666 3207 2907 3260 annos
2958 3207 3095 3285 pro
3151 3179 3472 3261 denariis
3525 3207 3623 3260 v1.
3666 3199 3741 3260 et
3777 3181 4022 3285 pueris
4056 3182 4302 3286 paruis

1120 3338 1436 3417 minoris
1465 3338 1681 3417 etatis
1706 3364 1833 3418 vm
1862 3364 2231 3417 annorum
2268 3365 2405 3443 pro
2434 3337 2754 3418 denariis
2779 3364 2886 3418 1111
2925 3357 2999 3417 et
3036 3337 3451 3417 uardacona
3489 3338 3625 3447 (6)
3663 3336 4105 3418 feminarum
4145 3340 4302 3418 sine

1116 3523 1361 3601 penna
1399 3495 1533 3604 (7)
1569 3524 1707 3601 pro
1737 3494 1986 3576 solido
2023 3523 2048 3575 1
2085 3514 2160 3576 et
2188 3523 2360 3575 cum
2394 3523 2638 3601 penna
2667 3523 2803 3601 pro
2833 3495 3153 3576 denariis
3185 3504 3387 3577 xv'111.
3420 3515 3494 3576 et
3520 3524 3837 3601 persona
3865 3525 4007 3602 que
4045 3516 4302 3577 contra

1118 3652 1369 3734 fecerit
1398 3654 1643 3735 soluat
1677 3682 1813 3759 pro
1849 3681 2038 3759 pena
2064 3682 2202 3759 pro
2231 3653 2556 3759 qualibet
2591 3680 2907 3759 persona
2938 3673 3011 3734 et
3039 3653 3364 3759 qualibet
3400 3656 3562 3734 uice
3603 3654 3890 3736 solidos
3916 3683 3991 3737 111
4022 3676 4096 3736 et
4131 3683 4301 3760 que-

1116 3812 1297 3893 libet
1349 3839 1666 3919 persona
1701 3814 1939 3918 possit
1976 3812 2149 3893 inde
2188 3839 2551 3893 accusare.
2611 3831 2684 3892 et
2740 3814 2805 3893 ei
2862 3814 3283 3893 iuramento
3339 3813 3695 3894 credatur.
3739 3832 3812 3894 et
3849 3814 4114 3895 habeat
4151 3834 4298 3894 ter-

1115 3973 1300 4053 tiam
1354 3990 1640 4077 partem
1694 3970 1916 4051 banni
1976 3990 2052 4051 et
2104 3990 2438 4051 teneatur
2491 3971 2795 4075 priuata.
2839 3969 3111 4051 eodem
3150 3970 3389 4051 modo
3425 3990 3761 4052 teneatur
3815 3971 4050 4053 facere
4104 3973 4301 4078 paria
4356 3972 4361 3976 ’

1119 4129 1526 4234 caligarum
1580 4156 1717 4235 pro
1771 4129 2092 4209 denariis
2146 4156 2221 4209 111
2277 4130 2807 4234 cuiuscumque
2862 4129 3086 4235 panni
3145 4130 3292 4208 sint
3349 4129 3482 4210 sub
3540 4130 3801 4209 eadem
3876 4157 4086 4236 pena.

1395 4574 1596 4643 nno
1671 4532 2043 4642 domini
2113 4527 2631 4637 millesimo
2705 4561 3299 4658 cctxxxxvm
3371 4522 3839 4678 indicione
3911 4534 4068 4626 ΧΓ.

1115 4897 1340 5066 DE
1392 4974 1634 5061 NON
1684 4967 2304 5056 RECIPOENDO
2358 4963 2837 5063 ALIQUEM
2872 4961 3342 5047 NOBILEM
3377 4961 3489 5042 IN
3524 4954 4291 5040 HABITATOREM
4425 4992 4430 4996 -

1429 5130 2108 5218 BAENNARUM.
2172 5127 2307 5236 (8)

1112 5622 1359 5685 torem
1413 5601 1535 5683 uel
1590 5603 1834 5683 ciuem
1890 5602 2344 5682 baennarum
2426 5602 2861 5683 interiorum
2916 5631 2959 5683 a
3012 5631 3111 5682 xv
3168 5604 3383 5682 annis
3466 5603 3643 5683 citra
3717 5603 3918 5708 quod
3977 5589 4299 5684 comune
