5117 6834
352 3569 495 3647 129

349 5095 496 5176 130

2088 305 2555 408 XXVIII

736 596 829 677 de
886 599 1196 677 baennis
1268 597 1652 678 boscando
1726 596 1848 678 uel
1924 596 2325 678 incidendo
2401 596 2522 677 uel
2580 597 3003 678 carreando.
3081 597 3201 677 uel
3283 594 3755 679 amassando.
3814 596 3935 677 uel

738 755 1071 860 ligando,
1129 755 1252 835 uel
1307 754 1516 836 aliter
1572 755 2055 836 offendendo,
2096 755 2217 835 uel
2270 783 2440 836 cum
2495 755 2862 861 aliquibus
2916 755 3195 835 bestiis.
3253 754 3371 834 uel
3431 755 3756 835 carosiis.
3813 753 3937 834 uel

736 912 946 993 leziis
1008 913 1380 1018 portando
1454 913 1547 994 de
1602 913 1723 993 uel
1802 915 2149 995 exeundo
2218 914 2312 994 de
2404 913 2771 1019 aliquibus
2844 913 3216 994 dictorum
3284 913 3739 994 boschorum
3812 913 3933 994 uel

736 1070 1108 1176 portando
1166 1071 1408 1151 soluat
1463 1099 1599 1176 pro
1654 1099 1844 1176 pena
1915 1100 2053 1178 pro
2135 1071 2461 1177 qualibet
2525 1074 2687 1153 uice
2764 1072 3051 1154 solidos
3121 1099 3223 1154 Lx
3280 1092 3353 1153 et
3407 1072 3729 1153 totidem
3797 1100 3936 1178 pro

740 1229 1058 1310 emenda
1110 1257 1246 1334 pro
1302 1229 1628 1334 qualibet
1694 1257 2034 1334 persona.
2094 1231 2188 1310 Et
2242 1231 2549 1335 quilibet
2617 1233 2858 1312 homo
2916 1231 3114 1312 bone
3170 1231 3366 1312 fame
3421 1233 3659 1337 possit
3728 1259 3935 1312 accu-

681 1486 688 1491 ,
740 1414 896 1467 sare
953 1386 1587 1467 contrafacientes.
1647 1405 1722 1467 et
1775 1387 2042 1467 habeat
2105 1389 2402 1470 tertiam
2465 1409 2752 1494 partem
2807 1391 3055 1469 banni.
3117 1408 3189 1469 et
3245 1388 3581 1469 credatur
3637 1391 3705 1469 ei
3761 1417 3933 1470 cum

740 1547 1184 1625 iuramento,
1245 1544 1468 1625 saluis
1525 1563 1599 1624 et
1655 1546 1982 1650 exceptis
2038 1546 2393 1628 omnibus
2447 1547 2593 1628 illis
2649 1549 2773 1652 qui
2830 1547 3182 1628 ducerent
3247 1548 3367 1628 uel
3423 1567 3801 1653 portarent
3856 1549 3934 1628 in

740 1702 997 1783 uillam
1053 1705 1505 1783 baennarum
1561 1703 1803 1808 aliqua
1859 1702 2063 1808 ligna
2119 1705 2332 1784 sicca.
2371 1704 2494 1786 uel
2531 1705 2766 1786 uirida
2804 1724 3013 1813 capta
3068 1707 3145 1786 in
3201 1706 3503 1787 boschis
3556 1733 3713 1786 non
3764 1709 3938 1786 ban-

740 1864 918 1944 nitis
979 1861 1414 1942 hominibus
1486 1862 1580 1941 de
1643 1861 1973 1941 baennis,
2041 1863 2134 1943 Et
2201 1864 2260 1943 si
2326 1891 2469 1968 qua
2540 1891 2858 1968 persona
2930 1883 3273 1944 extranea
3348 1865 3648 1944 inuenta
3722 1863 3941 1945 fuerit

741 2020 860 2101 uel
914 2022 1113 2101 uissa
1181 2019 1527 2100 ducendo
1594 2019 1717 2100 uel
1770 2020 2141 2125 portando
2209 2021 2450 2126 aliqua
2507 2021 2711 2127 ligna
2779 2050 3038 2103 uersus
3104 2021 3464 2103 foxanum
3539 2024 3936 2103 caruchum

740 2179 1072 2285 plocium
1127 2199 1522 2284 tanagrum
1579 2178 1985 2259 narzoleas.
2039 2178 2160 2259 uel
2199 2178 2680 2261 claraschum.
2724 2181 3069 2266 eamdem
3105 2209 3378 2287 penam
3435 2183 3752 2262 incurrat
3820 2209 3937 2262 so·

739 2339 1065 2420 lidorum
1119 2369 1218 2420 xx
1276 2357 1350 2419 et
1404 2337 1725 2420 totidem
1780 2368 1917 2446 pro
1975 2338 2314 2419 emenda.
2374 2358 2447 2418 et
2504 2338 2812 2444 quilib‘et
2877 2341 3117 2419 homo
3182 2342 3380 2420 bone
3444 2340 3640 2421 fame
3697 2341 3936 2445 possit

740 2527 1080 2579 accusare
1163 2497 1842 2579 contrafacientem.
1918 2499 2012 2578 Et
2085 2497 2349 2577 habeat
2423 2498 2718 2576 tertiam
2791 2517 3077 2602 partem
3146 2499 3389 2578 banni.
3451 2517 3525 2578 et
3599 2499 3936 2578 credatur

739 2658 1188 2738 accusationi
1248 2683 1400 2736 sue.
1461 2657 1684 2738 saluis
1740 2675 1814 2736 et
1869 2657 2195 2761 exceptis
2269 2655 2413 2734 illis
2493 2656 2832 2760 personis
2913 2683 3055 2761 que
3111 2657 3465 2736 ducerent
3519 2655 3639 2736 uel
3693 2675 3936 2762 porta-

738 2834 901 2897 rent
955 2815 1160 2921 ligna
1216 2842 1375 2894 non
1430 2834 1638 2920 capta
1694 2816 1771 2895 in
1824 2815 1975 2894 fine
2033 2814 2508 2894 baennarum.
2593 2815 2687 2893 Et
2763 2813 2855 2895 de
2929 2833 3152 2894 nocte
3208 2813 3402 2894 dicte
3457 2842 3646 2919 pene
3703 2813 3937 2919 dupli·

741 2993 1019 3054 centur.
1078 2974 1225 3054 hoc
1283 2944 1494 3053 saluo
1550 2974 1753 3078 quod
1795 2974 2119 3053 extranei
2159 2973 2286 3077 qui
2325 2972 2677 3052 ducerent
2716 2970 2921 3076 ligna
2976 2972 3301 3077 predicta
3358 2973 3434 3052 in
3489 2971 3664 3052 uilla
3719 2973 3942 3080 baeu-

740 3160 1001 3212 narum
1056 3131 1450 3236 puniantur
1505 3130 1596 3209 ad
1653 3130 1972 3210 modum
2028 3131 2429 3210 hominum
2484 3129 2578 3209 de
2637 3131 2943 3210 baennis
3000 3150 3072 3210 et
3129 3158 3285 3210 non
3341 3129 3552 3211 ultra.

728 3468 1132 3676 QJOD
1190 3554 1502 3638 PORCI
1556 3554 1795 3638 NON
1849 3552 2315 3637 INTRENT
2373 3551 2743 3633 PRATA.

853 3769 1215 3972 Qum
1269 3889 1627 3952 statutum
1686 3890 1798 3951 est
1853 3872 2055 3976 quod
2111 3872 2318 3976 porci
2375 3871 2587 3951 nullo
2662 3871 2902 3952 modo
2958 3900 3095 3952 nec
3151 3872 3362 3954 nullo
3418 3894 3756 3978 tempore
3816 3876 3934 3954 in-

736 4050 932 4112 trent
985 4050 1211 4136 prata.
1272 4049 1345 4111 et
1402 4030 1463 4110 si
1520 4029 1976 4109 intrauerint.
2020 4028 2264 4109 soluat
2302 4028 2658 4109 dominus
2697 4058 3098 4136 porcorum
3133 4058 3271 4137 pro
3310 4031 3644 4136 quolibet
3698 4059 3933 4137 porco

734 4191 1081 4303 denarios
1135 4218 1259 4271 xlr.
1321 4208 1394 4270 et
1447 4188 1771 4269 totidem
1824 4215 1963 4292 pro
2020 4187 2337 4268 emenda
2397 4206 2470 4268 et
2525 4189 3060 4270 nichilominus
3128 4208 3464 4270 teneatur
3520 4189 3933 4296 dampnum

736 4348 1158 4430 emendare.
1200 4348 1259 4428 si
1298 4345 1485 4427 ultra
1541 4346 1936 4427 excesserit
1974 4345 2080 4425 illi
2118 4349 2326 4426 cuius
2381 4345 2793 4451 dampnum
2832 4346 3071 4427 fuerit.
3102 4348 3196 4428 Et
3233 4346 3560 4453 quelibet
3614 4376 3933 4454 persona

733 4509 971 4613 possit
1026 4507 1198 4587 inde
1256 4533 1593 4586 accusare
1651 4524 1724 4584 et
1781 4505 1845 4585 ei
1905 4506 2323 4586 iuramento
2397 4505 2753 4585 credatur.
2815 4526 2887 4586 et
2941 4506 3207 4587 habeat
3278 4508 3575 4587 tertiam
3646 4527 3932 4611 partem

736 4666 984 4746 banni.
1046 4685 1118 4746 et
1173 4674 1510 4745 teneatur
1564 4664 1869 4770 priuata.

725 4997 948 5163 DE
984 5078 1646 5159 METENTIBus
1682 5078 1794 5159 IN
1828 5077 2220 5159 ALffiNo
2251 5076 2634 5191 PRATo.

738 5581 970 5667 prato,
1031 5581 1106 5642 et
1159 5564 1284 5667 qui
1341 5561 1852 5643 contrafecerit
1910 5563 2152 5644 soluat
2205 5590 2343 5668 pro
2400 5564 2650 5642 banno
2708 5560 2996 5642 solidos
3062 5588 3141 5643 111
3209 5562 3405 5641 curie
3479 5580 3553 5642 et
3606 5562 3929 5643 totidem
