5117 6834
720 2327 880 2409 234

1109 624 1509 705 occasione
1571 620 1973 728 recipiendi
2039 620 2315 701 dictam
2398 619 2708 701 farinam
2781 619 2903 699 uel
2977 646 3295 724 granum
3377 620 3778 701 caritatiue.
3854 620 4100 719 soluat
4160 648 4298 727 pro

1112 808 1302 888 pena
1357 780 1664 886 quocies
1718 779 2232 860 contrafecerit
2286 778 2577 860 solidos
2630 806 2705 858 x.
2762 778 2858 858 Et
2911 748 3237 884 quelibet
3288 805 3606 884 persona
3658 779 3899 884 possit
3959 782 4300 860 accusare

1113 918 1726 1019 contrafacientes
1778 955 2037 1018 contra
2089 936 2415 1042 predicta
2469 936 2590 1016 uel
2644 935 2921 1042 aliquid
2973 935 3499 1042 predictorum.
3557 955 3631 1016 et
3683 936 3952 1016 habeat
4003 936 4302 1017 tertiam

1112 1114 1400 1201 partem
1454 1094 1680 1174 banni
1719 1113 1793 1174 et
1828 1112 2164 1174 teneatur
2197 1094 2502 1199 priuata.
2544 1111 2619 1173 et
2652 1111 2985 1199 potestas
3036 1111 3373 1174 teneatur
3408 1093 3486 1173 in
3522 1119 3867 1174 mensem
3900 1112 4300 1199 postquam

1114 1253 1463 1332 iurauerit
1516 1254 1859 1357 regimen
1914 1242 2140 1332 suum
2187 1252 2423 1331 facere
2478 1251 2714 1331 iurare
2765 1242 3217 1356 'magistrum
3272 1250 3884 1332 molandinorum
3921 1249 4300 1331 attendere

1116 1428 1192 1490 et
1246 1415 1641 1490 obseruare
1695 1409 2045 1515 predicta.
2105 1428 2181 1490 et
2233 1409 2437 1516 quod
2521 1409 3003 1490 stanciatores
3084 1408 3431 1490 comunis
3491 1426 3881 1489 teneantur
3932 1433 4300 1488 recercare

1115 1568 1329 1646 omni
1387 1566 1807 1647 ebdomada
1865 1567 2099 1648 semel
2161 1567 2529 1648 taschetas
2584 1585 2659 1647 et
2711 1566 3055 1647 scutellas
3114 1566 3502 1672 predictas.
3560 1585 3635 1647 et
3690 1567 3751 1646 si
3807 1592 3950 1671 que
4006 1565 4083 1646 in
4137 1592 4300 1645 mo·

1115 1723 1438 1804 landinis
1490 1724 1782 1805 fuerint.
1840 1743 1914 1805 et
1967 1752 2310 1806 accusare
2365 1725 2998 1805 contrafacientes.
3053 1725 3150 1806 Et
3200 1743 3532 1830 potestas
3584 1741 3923 1804 teneatur
3959 1741 4035 1803 et
4059 1722 4299 1828 possit

1115 1881 1290 1961 inde
1346 1882 1711 1987 inquirere
1768 1884 1979 1963 omni
2036 1911 2296 1965 mense
2351 1883 2655 1965 uinculo
2712 1884 3129 1964 iuramenti.
3983 1853 3993 1864 ⁹

1112 2243 1332 2406 DE
1386 2316 1935 2402 FORNARIIS
1986 2250 2665 2396 BAENNARUM.

1124 2722 1133 2733 Φ
1236 2536 1423 2737 ἐξ
1435 2604 1592 2702 ΤΕΜ
1647 2638 2007 2700 statutum
2063 2638 2175 2699 est
2230 2618 2432 2724 quod
2490 2618 2798 2724 quilibet
2851 2617 3214 2699 fornarius
3276 2623 3729 2702 baennarum
3782 2642 4121 2705 teneatur
4171 2653 4304 2707 nu-

1119 2806 1403 2861 merare
1458 2796 1708 2859 totum
1760 2803 2032 2882 panem
2088 2776 2214 2882 qui
2269 2794 2628 2880 coquetur
2681 2776 2759 2855 in
2814 2774 3031 2856 furno
3085 2776 3315 2881 ipsius
3369 2778 3654 2859 duabus
3698 2780 4004 2863 uicibus.
4066 2783 4305 2866 silicet

1120 2939 1432 3019 crudum
1488 2955 1564 3018 et
1617 2936 1994 3017 choctum.
2053 2953 2128 3015 et
2179 2933 2272 3015 ad
2327 2933 2651 3015 furnum.
2698 2953 2772 3014 et
2805 2953 3146 3040 presente
3184 2934 3493 3017 domina
3529 2937 3650 3018 uel
3705 2940 4022 3020 domino
4066 2942 4301 3047 paniS.

1123 3116 1198 3177 et
1251 3096 1638 3177 restituere
1690 3112 1984 3175 tanturn
2036 3119 2309 3199 panem
2363 3092 2719 3172 choctum
2774 3111 3135 3198 quantum
3214 3093 3432 3175 fuerit
3512 3095 3802 3177 crudus.
3862 3117 4175 3205 excepto
4232 3119 4308 3181 et

1119 3253 1455 3336 detracto
1507 3279 1696 3358 pane
1751 3250 2115 3333 sornatici.
2173 3268 2249 3330 et
2301 3251 2690 3331 restituere
2749 3277 3022 3355 panem
3082 3251 3501 3357 predictum
3562 3255 3655 3334 ad
3700 3254 3997 3336 furnum
4051 3258 4308 3339 incon-

1116 3412 1412 3493 tinenti.
1470 3428 1547 3491 et
1599 3428 2001 3515 antequam
2053 3409 2250 3499 alius⁵
2293 3409 2527 3515 panis>
2587 3409 2901 3490 choctus
2981 3409 3411 3514 deportetur
3471 3439 3515 3491 a
3568 3396 3811 3494 furno.
3868 3433 3943 3494 et
3997 3415 4309 3520 quilibet

1121 3569 1488 3649 fornarius
1541 3568 1671 3674 qui
1723 3567 2236 3648 contrafecerit
2291 3566 2534 3648 soluat
2585 3593 2724 3672 pro
2777 3593 2969 3672 pena
3006 3566 3295 3649 solidos
3329 3596 3380 3647 v
3417 3570 3725 3675 quocies
3760 3570 4012 3653 fecerit
4048 3593 4309 3655 contra

1119 3724 1470 3832 predicta.
1527 3724 1649 3805 uel
1702 3723 1981 3831 aliquid
2060 3724 2591 3830 predictorum.
2649 3724 2745 3804 Et
2797 3723 3332 3806 nichilominus
3404 3726 3760 3809 dominus
3822 3728 3943 3809 uel
3998 3729 4309 3812 domina

1124 3883 1304 3966 dicti
1358 3886 1571 3990 panis
1623 3902 1961 3964 teneatur
2032 3909 2421 3963 numerare
2501 3858 2788 3964 dictum
2868 3900 3158 3989 panem¹
3222 3903 3297 3965 et
3366 3884 3604 3967 facere
3675 3888 3963 3968 restitui
4034 3917 4312 3995 panem

1119 4044 1540 4149 predictum
1595 4040 1688 4122 ad
1743 4040 2042 4122 furnum
2095 4058 2180 4121 ut
2231 4039 2649 4146 predictum
2686 4060 2824 4123 est.
2866 4060 2942 4122 et
2976 4069 3316 4123 accusare
3353 4042 3760 4125 fornarium
3799 4047 3893 4127 de
3929 4046 4306 4153 predictis,

1122 4202 1184 4281 si
1238 4176 1584 4306 predicta*
1622 4200 1744 4281 uel
1799 4198 2079 4307 aliquid
2130 4198 2641 4305 predictorum
2721 4199 2959 4281 facere
3038 4203 3528 4283 recussauerit
3581 4204 3717 4284 sub
3772 4204 4038 4286 eadem
4090 4234 4306 4312 pena.

1118 4360 1215 4441 Et
1267 4357 1595 4464 quelibet
1646 4385 1967 4465 persona
2019 4359 2260 4465 possit
2313 4385 2654 4439 accusare
2708 4386 3067 4465 personas
3118 4358 3473 4442 facientes
3526 4380 3788 4443 contra
3821 4364 4151 4469 predicta
4187 4365 4309 4445 uel

1122 4515 1400 4622 aliquid
1451 4517 1984 4623 predictorum.
2041 4535 2118 4598 et
2171 4518 2332 4599 eius
2384 4517 2807 4599 iuramento
2863 4516 3219 4599 credatur.
3260 4537 3336 4599 et
3369 4517 3637 4601 habeat
3670 4522 3979 4602 tertiam·
4019 4534 4309 4628 par'tem

1124 4675 1371 4755 banni.
1430 4693 1506 4756 et
1557 4693 1896 4756 teneatur
1947 4676 2254 4781 priuata.
2311 4676 2407 4756 Et
2459 4694 2796 4782 potestas
2829 4694 3169 4756 teneatur
3205 4676 3441 4759 facere
3479 4678 3715 4759 iurare
3770 4636 4140 4762 fornarios
4176 4684 4306 4763 ob-

1122 4856 1412 4915 seruare
1465 4832 1793 4939 predicta
1847 4834 1925 4914 in
1977 4834 2340 4940 principio
2396 4835 2509 4915 sui
2563 4834 2977 4939 regiminis.
4209 4807 4213 4810 Δ
