5117 6834
788 4988 889 5066 99

1162 653 1360 732 duos
1414 651 1766 731 homines
1820 650 1913 730 de
1971 651 2279 730 baennis
2334 649 2455 730 uel
2511 649 2835 755 aliquem
2891 649 3120 729 alium
3179 651 3673 732 sufficientem
3742 647 3838 728 de
3891 648 4192 735 baennis
4242 656 4366 761 qui

1161 812 1350 890 iuret
1415 796 1910 890 incontinenti
1985 836 2319 889 exercere
2393 808 2590 889 bona
2653 808 2802 890 fide
2867 809 3205 889 officium
3279 810 3671 914 regiminis
3745 809 3902 890 siue
3974 815 4366 917 potestatis

1161 968 1609 1087 baennarum
1670 970 1874 1047 iuxta
1929 966 2248 1048 formam
2305 967 2797 1073 capitulorum
2855 986 2927 1047 et
2984 967 3682 1049 ordinamentorum
3742 968 3917 1062 dicti
3958 969 4129 1050 loci.
4189 990 4265 1051 et
4301 973 4362 1052 si

1160 1126 1400 1206 dictus
1452 1145 1786 1230 potestas
1839 1125 2164 1230 aliquem
2219 1125 2341 1205 uel
2395 1125 2688 1229 aliquos
2724 1125 2899 1205 loco
2938 1125 3049 1205 sui
3087 1126 3166 1205 in
3205 1125 3409 1206 dicto
3457 1128 3832 1230 ⁴regimine
3890 1127 4100 1207 aliter
4136 1144 4362 1233 quam

1159 1284 1571 1391 predictum
1629 1302 1740 1363 est
1797 1283 2201 1364 dimisisset
2257 1303 2329 1363 et
2368 1310 2525 1363 non
2582 1284 2925 1363 iurauerit
2980 1282 3520 1388 utpredictum
3560 1303 3672 1364 est
3709 1287 3968 1365 omnia
4022 1306 4363 1391 precepta

1160 1469 1573 1547 omnesque
1629 1468 2018 1547 processus
2073 1442 2195 1543 qui
2253 1440 2371 1519 uel
2429 1467 2573 1544 que
2627 1408 2760 1545 per*
2813 1442 3055 1545 ipsum
3111 1439 3232 1520 uel
3272 1441 3476 1545 ipsos
3530 1439 3699 1521 facti
3739 1460 3813 1521 et
3850 1440 4038 1523 facta
4094 1440 4362 1523 fuerint

1051 1674 1056 1679 .
1161 1598 1434 1678 nullius
1488 1598 1765 1678 ualoris
1822 1618 1894 1678 et
1950 1626 2085 1703 pro
2142 1625 2297 1677 non
2353 1597 2565 1678 factis
2618 1596 3046 1678 habeantur.
3104 1598 3197 1676 Et
3252 1597 3455 1702 quod
3514 1598 3754 1679 dictus
3807 1618 4141 1704 potestas
4204 1628 4359 1680 non

1160 1759 1397 1862 possit
1452 1757 1686 1837 iacere
1744 1776 1947 1837 extra
2002 1756 2259 1836 uillam
2317 1756 2768 1836 baennarum
2825 1755 3014 1837 ultra
3087 1775 3237 1836 tres
3317 1776 3582 1837 noctes
3655 1758 4009 1838 continue
4083 1757 4360 1862 absque

1161 1943 1534 1997 consensu
1591 1934 1663 1995 et
1720 1916 2015 1996 licentia
2054 1914 2382 2019 conscilii
2425 1914 2878 1995 baennarum
2935 1914 3057 1995 uel
3113 1915 3421 1995 maioris
3466 1916 3715 2021 partis,
3773 1917 3920 1996 hoc
3979 1915 4363 1998 intellecto

1162 2094 1235 2156 et
1292 2076 1643 2179 expresso
1700 2073 1902 2178 quod
1960 2073 2082 2153 ille
2140 2072 2257 2153 uel
2315 2073 2421 2153 illi
2477 2100 2703 2178 quem
2758 2072 2879 2153 uel
2937 2099 3128 2179 quos
3183 2072 3424 2153 dictus
3476 2091 3810 2178 potestas
3865 2073 4039 2154 loco
4074 2075 4216 2163 ‚sui
4284 2076 4361 2155 in

1161 2233 1365 2313 dicto
1421 2233 1789 2337 regimine
1847 2231 2257 2312 secundum
2297 2229 2618 2311 formam
2677 2232 2894 2311 huius
2931 2230 3227 2336 capituli
3266 2230 3671 2311 dimisisset
3710 2251 4027 2337 nequeat
4076 2231 4359 2312 dictum

1159 2392 1498 2495 regimen
1556 2418 1894 2479 exercere
1951 2392 2091 2471 nisi
2149 2416 2537 2495 quousque
2596 2388 2837 2469 dictus
2892 2407 3223 2495 potestas
3277 2408 3454 2469 tunc
3509 2416 3849 2470 reuersus
3885 2389 4101 2470 fuerit
4159 2403 4247 2470 et'
4296 2392 4358 2470 si

1162 2551 1631 2653 contingeret
1710 2550 1992 2630 dictum
2074 2549 2472 2629 dominum
2545 2554 2996 2651 potestatem
3072 2547 3320 2628 subito
3393 2548 3646 2654 aliquo
3711 2576 3884 2628 casu
3940 2550 4360 2630 necessario

1163 2727 1593 2812 emergente
1662 2709 1765 2788 ire
1831 2725 2207 2813 oporteret
2274 2727 2476 2787 extra
2545 2705 2802 2786 uillam
2881 2709 3332 2786 baennarum
3405 2708 3644 2811 possit
3719 2735 3848 2788 sua
3920 2708 4358 2787 auctoritate

1159 2866 1532 2946 dimittere
1598 2865 1772 2946 loco
1830 2868 1941 2945 sui
2008 2867 2082 2945 in
2140 2865 2343 2945 dicto
2399 2866 2768 2969 regimine
2835 2864 3254 2945 exercendo
3317 2865 3361 2904 θ’
3442 2865 3579 2972 (3)
3641 2865 3964 2971 aliquem
4044 2865 4167 2946 uel
4235 2865 4360 2945 ali-

1161 3052 1353 3129 quos
1407 3024 1500 3103 de
1558 3024 1863 3103 baennis
1918 3051 2143 3129 quern
2199 3023 2317 3103 uel
2375 3050 2566 3127 quos
2629 3042 2965 3103 teneatur
3035 3026 3271 3103 iacere
3345 3024 3580 3103 iurare
3656 3050 3996 3104 exercere
4071 3022 4358 3105 dictum

1158 3183 1498 3286 regimen
1554 3181 1751 3263 bona
1806 3182 1954 3263 fide
2021 3183 2222 3263 iuxta
2275 3181 2598 3262 formam
2654 3181 3146 3285 capitulorum
3230 3200 3304 3262 et
3368 3182 4066 3262 ordinamentorum
4144 3185 4360 3262 baen-

1160 3366 1423 3420 narum
1502 3367 1890 3446 quousque
1946 3367 2287 3421 reversus
2340 3340 2556 3420 fuerit

1158 3680 1381 3845 DE
1436 3758 2230 3844 ORDINAMENTIS
2285 3758 2507 3839 SIUE
2562 3756 3135 3859 CONSCILIJS
3191 3759 3576 3840 FACTIS.

1300 3995 1363 4052 Γ)
1452 4041 1461 4050 ι

1294 4118 1360 4170 «ε,
1392 4092 1634 4169 2.÷3.'r1-:M
1672 4095 2030 4156 statutum
2068 4096 2179 4157 est
2216 4076 2421 4181 quod
2477 4075 2718 4181 aliqua
2774 4076 3291 4157 ordinamenta
3348 4078 3505 4157 siue
3562 4076 3915 4157 conscilia
3971 4075 4157 4157 facta
4231 4076 4352 4157 uel

1160 4234 1520 4316 celebrata
1573 4261 1702 4340 per
1756 4234 2196 4314 conscilium
2255 4237 2705 4315 baennarum
2773 4235 2929 4314 siue
2982 4262 3111 4339 per
3166 4234 3518 4315 homines
3581 4234 3759 4314 dicti
3817 4234 3965 4315 loci
4019 4262 4177 4315 non
4232 4262 4355 4315 ua-

1163 4393 1362 4475 leant
1416 4420 1555 4474 nec
1611 4411 1911 4473 teneant
1976 4393 2117 4472 nisi
2177 4392 2308 4472 illo
2362 4420 2564 4473 anno
2623 4393 2779 4473 siue
2834 4393 3202 4497 regimine
3258 4392 3456 4473 illius
3510 4394 3685 4472 anni
3742 4420 3894 4498 quo
3950 4392 4137 4473 facta
4194 4394 4351 4474 siue

1161 4551 1461 4632 condita
1515 4549 1785 4631 fuerint
1836 4577 1975 4631 nec
2032 4551 2256 4631 etiam
2313 4550 2534 4631 eride.

1165 4894 1404 5055 AD
1459 4967 2301 5053 CONSERUANDOS
2383 4966 2867 5049 BOSCHOS
2948 4966 3569 5050 ALLEUATOS
3632 4967 4344 5092 GALLJCIARUM

1472 5128 1609 5209 ET
1663 5127 2027 5211 GURRE.

1288 5348 1633 5549 &gi-EM
1706 5463 2063 5525 statutum
2139 5464 2250 5525 est
2323 5444 2526 5550 quod
2599 5463 2931 5549 potestas
3014 5464 3348 5526 teneatur
3421 5445 3514 5525 ad
3586 5444 4144 5527 conseruandos
4219 5449 4347 5527 bo-

1027 5587 1034 5595 *
1160 5604 1383 5684 schos
1436 5602 1796 5684 alleuatos
1850 5602 2083 5684 facere
2141 5603 2348 5709 elligi
2402 5603 2587 5683 infra
2642 5631 2984 5684 mensem
3065 5631 3301 5684 unum
3382 5622 3780 5710 postquam
3838 5605 4182 5686 iurauerit
4237 5631 4344 5686 re·
