5117 6834
374 3323 517 3402 377

1978 302 2684 408 LXXXVIIII

737 611 1055 690 domum
1110 607 1232 687 uel
1290 606 1585 686 stallum
1645 607 1718 684 in
1774 605 1949 685 uilla
2008 610 2455 685 baennarum
2527 624 2906 709 copertam
2964 605 3118 683 siue
3175 622 3559 708 copertum
3612 603 3922 683 couibus

739 768 955 848 alicui
1013 755 1331 871 persone
1389 765 1522 845 sub
1581 791 1767 869 pena
1835 763 2249 844 solidorum
2305 791 2400 843 Lx
2464 764 2892 843 astensium.
2978 790 3113 867 pro
3198 762 3523 869 qualibet
3604 790 3919 868 persona

742 924 1338 1024 contrafaciente.
1399 943 1471 1003 et
1527 909 1853 1028 qualibet
1909 924 2093 1002 uice.
2153 924 2244 1002 Et
2300 921 2502 1026 quod
2559 921 2799 1028 aliqua
2855 949 3169 1026 persona
3208 949 3364 1002 non
3406 924 3639 1026 possit
3677 921 3912 1001 facere

742 1084 1066 1189 aliquam
1124 1081 1414 1163 stallam
1473 1109 1608 1163 nec
1665 1081 1933 1161 habere
1991 1081 2110 1161 uel
2165 1055 2415 1161 tenere
2473 1101 2852 1185 copertam
2910 1082 3219 1161 couibus
3277 1108 3410 1185 pro
3466 1080 3915 1185 hospitando

742 1242 1021 1347 aliquas
1077 1242 1350 1321 bestias
1404 1242 1727 1320 asininas
1783 1239 1900 1319 uel
1957 1238 2352 1319 cauallinas
2408 1238 2541 1319 sub
2599 1239 2860 1319 eadem
2915 1266 3127 1343 pena.
3186 1266 3322 1319 nec
3381 1240 3603 1318 etiam
3645 1239 3922 1319 dictam

744 1401 1036 1480 stallam
1094 1399 1430 1479 claudere
1487 1399 1852 1504 aliquibus
1907 1400 2216 1479 couibus
2272 1426 2402 1477 seu
2458 1397 2687 1503 paleis
2767 1397 2884 1477 uel
2944 1397 3165 1478 foliis.
3227 1398 3359 1478 sub
3418 1399 3679 1479 eadem
3737 1425 3925 1503 pena

746 1559 1162 1640 solidorum
1219 1587 1336 1639 Lx.
1396 1560 1487 1638 Et
1545 1558 1749 1665 quod
1809 1557 2051 1662 aliqua
2087 1584 2402 1662 persona
2460 1556 2552 1635 de
2616 1558 2918 1637 baenriis
2953 1556 3073 1636 uel
3115 1556 3213 1636 ibi
3253 1556 3592 1637 habitans
3643 1556 3923 1637 habens

747 1721 1065 1801 domum
1122 1718 1242 1799 uel
1300 1717 1595 1797 stallum
1632 1686 1730 1796 in
1786 1744 1938 1821 quo
1995 1715 2113 1795 uel
2170 1743 2314 1820 qua
2370 1734 2513 1795 stat
2570 1715 2689 1795 uel
2746 1714 2912 1795 facit
2997 1716 3255 1819 ignem
3315 1717 3387 1795 in
3447 1715 3620 1795 uilla
3702 1715 3930 1795 baen-

751 1906 1012 1958 narum
1072 1895 1450 1982 copertam
1508 1875 1626 1955 uel
1686 1895 2072 1980 copertum
2138 1873 2364 1979 paleis
2421 1902 2549 1954 seu
2606 1875 2915 1954 couibus
2979 1902 3135 1953 non
3190 1876 3427 1979 possit
3484 1874 3601 1954 uel
3660 1875 3924 1955 debeat

748 2038 1120 2141 acquirere
1181 2063 1310 2115 seu
1369 2061 1614 2115 emere
1672 2033 1922 2138 aliquo
1979 2033 2218 2113 modo
2274 2032 2554 2137 aliquas
2635 2035 3153 2137 possessiones
3213 2032 3346 2113 sub
3406 2060 3591 2139 pena
3649 2033 3930 2113 solido-

751 2222 916 2274 rum
973 2222 1066 2274 Lx
1125 2194 1557 2274 astensium.
1618 2194 1761 2272 hoc
1822 2193 2030 2272 saluo
2092 2211 2162 2270 et
2221 2218 2560 2296 expresse
2618 2192 2999 2272 intellecto
3073 2192 3275 2297 quod
3343 2194 3401 2271 si
3459 2192 3757 2272 haberet
3797 2191 3930 2272 do-

755 2381 966 2433 murn
1024 2373 1402 2458 copertam
1459 2351 1735 2456 tegulis
1792 2379 1920 2431 seu
1977 2352 2185 2456 copis
2240 2379 2365 2455 per
2421 2350 2615 2430 duos
2671 2378 2940 2455 corpos
2997 2378 3125 2431 seu
3180 2377 3440 2456 passos
3497 2353 3569 2431 in
3629 2351 3802 2431 loco
3850 2354 3925 2431 in

757 2539 909 2618 quo
965 2512 1233 2592 faceret
1289 2514 1549 2615 ignem
1591 2510 1682 2590 de
1739 2538 1928 2615 pena
1984 2537 2138 2589 non
2196 2530 2552 2589 teneatur.
2604 2511 2697 2589 Et
2735 2509 2827 2588 de
2865 2510 3211 2613 predictis
3247 2511 3571 2617 quelibet
3606 2538 3926 2616 persona

753 2673 989 2779 possit
1045 2671 1217 2751 inde
1273 2697 1633 2751 accusare.
1694 2688 1767 2748 et
1825 2670 1890 2747 ei
1949 2670 2366 2748 iuramento
2450 2668 2804 2748 credatur.
2867 2670 2957 2747 Et
3013 2671 3250 2774 possit
3307 2688 3380 2749 et
3437 2670 3702 2750 debeat
3758 2669 3928 2749 inde

758 2832 1121 2936 inquirere
1178 2830 1269 2910 ad
1329 2857 1538 2909 suam
1596 2829 2059 2908 uoluntatem
2118 2848 2470 2932 potestas,

756 3226 979 3389 DE
1043 3305 1280 3386 NON
1345 3302 1943 3384 RONCANDo
1999 3303 2108 3383 IN
2173 3248 2623 3383 DEFEXIO
2690 3302 2889 3382 UEL
2944 3302 3051 3380 IN
3106 3300 3361 3380 ALns
3429 3297 3933 3379 BANNITIS.

896 3627 1244 3715 ἣὶῢρκΤΕΜ
1321 3642 1674 3702 statutum
1753 3641 1868 3700 est
1934 3621 2134 3725 quod
2211 3622 2268 3699 si
2343 3649 2484 3728 qua
2549 3649 2863 3726 persona
2940 3622 3405 3701 ronchauerit
3487 3622 3606 3701 uel
3689 3622 3952 3703 aculta-

768 3784 955 3862 uerit
993 3781 1128 3888 (1)
1185 3780 1503 3885 aliquam
1564 3782 2120 3885 possessionem
2178 3782 2250 3859 in
2310 3778 2630 3859 defexio.
2718 3765 2814 3858 in
2853 3779 3142 3859 banallo
3201 3808 3328 3860 seu
3385 3780 3555 3860 alibi
3615 3781 3738 3859 ubi
3798 3809 3952 3885 pre-

767 3942 958 4020 dicta
1018 3940 1334 4044 proibita
1393 3941 1537 4019 sint
1593 3968 1683 4018 ex
1742 3939 1977 4018 forma
2037 3938 2523 4043 capitulorum
2585 3958 2655 4017 et
2713 3923 3405 4018 ordinamentorum
3464 3939 3940 4018 baennarum.

767 4100 968 4202 quod
1027 4092 1268 4202 aliqua
1328 4124 1639 4201 persona
1697 4125 1837 4201 que
1896 4097 2301 4200 dampnum
2387 4096 2670 4176 dederit
2754 4124 2925 4175 cum
2981 4097 3234 4176 bestiis
3294 4097 3408 4176 uel
3465 4098 3621 4176 sine
3688 4097 3953 4178 bestiis

767 4255 887 4335 uel
944 4255 1092 4335 alio
1149 4283 1621 4360 quocumque
1681 4255 1916 4334 modo
1975 4256 2216 4358 ipsum
2273 4254 2556 4334 dederit
2614 4255 2687 4333 in
2747 4254 2937 4333 dicta
3014 4256 3488 4359 possessione
3544 4255 3940 4336 aronchata

771 4415 924 4493 siue
991 4412 1326 4493 acultata.
1395 4433 1650 4493 contra
1728 4412 2046 4492 formam
2121 4415 2492 4493 dictorum
2568 4413 3055 4518 capitulorum
3124 4434 3196 4492 et
3261 4414 3954 4494 ordinamentorum

773 4600 901 4652 seu
959 4575 1031 4656 in
1082 4572 1322 4677 aliqua
1377 4572 1517 4652 alia
1572 4575 2045 4677 possessione
2105 4574 2333 4676 ipsius
2387 4600 2701 4684 persone
2759 4574 3203 4677 ubicumque
3262 4575 3353 4652 sit
3409 4575 3482 4652 in
3523 4573 3670 4654 fine
3729 4574 3954 4654 baen-

774 4759 1054 4811 narum.
1113 4759 1253 4836 que
1320 4729 1568 4810 fecerit
1634 4732 1996 4811 ronchari.
2029 4761 2034 4766 ·
2065 4731 2184 4810 uel
2265 4730 2562 4810 acultari
2647 4731 2967 4836 aliquam
3050 4733 3628 4836 possessionem.
3699 4752 3953 4812 contra

773 4887 1093 4968 formam
1153 4889 1526 4968 dictorum
1609 4888 2099 4993 capitulorum
2157 4909 2228 4968 et
2294 4888 3009 4968 ordinamentorum.
3080 4888 3359 4968 nullam
3433 4916 3702 4994 penam
3781 4889 3952 4969 inde

777 5049 1205 5128 substineat.
