5117 6834
717 1372 817 1426 20
829 1374 862 1452 3

714 3215 868 3291 204

1118 620 1283 682 rent
1339 603 1735 683 occasione
1790 631 1931 708 qua
1989 630 2143 683 non
2202 602 2578 683 soluerent
2634 604 2998 710 predictas
3052 605 3265 686 talias
3320 626 3391 686 et
3448 605 3746 687 fodrum
3829 607 4005 687 alibi
4082 636 4305 713 quam

1120 761 1197 840 in
1253 760 1584 840 baennis.
1644 779 1716 840 et
1772 760 1988 841 dictis
2041 762 2254 866 penis
2309 760 2575 841 solutis
2631 762 3165 844 nichilominus
3218 792 3536 869 persone
3575 766 3900 871 predicte
3957 767 4050 846 de
4089 767 4308 848 dictis

1114 918 1717 1023 possessionibus
1771 919 1982 999 talias
2039 939 2112 999 et
2176 918 2386 1000 fodra
2441 922 2518 999 in
2579 923 2883 1001 baennis
2940 922 3232 1003 soluere
3288 942 3702 1004 teneantur.

1115 1250 1343 1421 DE
1393 1332 1841 1422 PORCI-IIS
1892 1332 2311 1421 GROSSIS
2361 1332 3044 1429 MANENTIBUS
3097 1332 3410 1420 CIRCA
3459 1332 4062 1419 PLATHEAM.

1244 1551 1589 1757 fflmu
1646 1672 2003 1751 statutum
2044 1674 2154 1734 est
2193 1655 2396 1760 quod
2466 1655 2524 1733 si
2581 1653 2904 1759 porchus
2961 1680 3272 1756 grossus
3326 1680 3462 1758 pro
3518 1652 3937 1734 amazando
3993 1651 4302 1732 alicuius

1110 1836 1428 1914 persone
1489 1837 1800 1903 manens
1856 1812 2043 1891 circa
2099 1811 2469 1917 platheam
2528 1811 2806 1892 scilicet
2844 1840 2884 1891 a
2924 1812 3162 1891 domo
3210 1810 3459 1891 Rufini
3499 1810 3793 1890 saltoris
3845 1809 4028 1890 infra
4066 1837 4299 1914 usque

1112 1966 1205 2046 ad
1263 1968 1579 2047 domurn
1635 1967 1798 2049 facii
1857 1968 2165 2049 barberii
2225 1989 2298 2049 et
2353 1969 2715 2050 heredum
2774 1969 3156 2075 quondam
3225 1969 3503 2049 mathei
3556 1969 3914 2048 cuniberti
3955 1987 4027 2047 et
4066 1994 4298 2072 usque

1113 2124 1205 2205 ad
1267 2126 1584 2249 domum
1642 2126 2180 2231 pegolotorum
2231 2147 2303 2207 et
2340 2131 2430 2207 ab
2470 2128 2644 2207 inde
2686 2154 2915 2233 usque
2954 2128 3045 2206 ad
3085 2127 3402 2207 domum
3461 2152 3888 2231 cognorum
3926 2145 3999 2205 et
4028 2126 4295 2206 andree

1112 2282 1205 2362 de
1266 2284 1480 2362 bursa
1533 2287 1625 2363 ab
1681 2302 1984 2388 utraque
2041 2303 2242 2388 parte
2301 2286 2418 2364 uie
2476 2286 2824 2364 inuentus
2877 2283 3092 2365 fuerit
3150 2285 3226 2364 in
3262 2284 3556 2390 plathea
3601 2283 4054 2364 baennarum
4094 2312 4135 2363 a
4181 2282 4299 2362 ka-

1108 2439 1352 2520 lendis
1400 2441 1636 2521 ‘madii
1690 2469 1921 2546 usque
1978 2443 2069 2522 ad
2129 2442 2399 2523 festum
2457 2444 2689 2523 sancti
2747 2444 3067 2523 martini.
3128 2443 3483 2523 dominus
3538 2442 3658 2522 uel
3698 2443 4008 2523 domina
4063 2443 4306 2546 ipsius,

1106 2600 1314 2704 porci
1375 2598 1619 2680 soluat
1673 2628 1811 2706 pro
1867 2628 2056 2705 pena
2093 2629 2229 2705 pro
2268 2601 2603 2706 quolibet
2642 2620 2714 2680 et
2753 2600 3077 2705 qualibet
3115 2602 3277 2680 uice
3316 2602 3663 2681 denarios
3708 2628 3836 2681 xm
3884 2601 4018 2708 (6)
4074 2601 4294 2679 curie.

1107 2778 1180 2838 et
1236 2758 1561 2863 quelibet
1616 2786 1933 2863 persona
1987 2762 2227 2864 possit
2285 2760 2457 2839 inde
2514 2787 2876 2840 accusare.
2940 2781 3013 2840 et
3070 2761 3136 2839 ei
3193 2760 3614 2840 iuramento
3670 2759 4027 2841 credatur.

1113 3087 1339 3258 DE
1389 3169 2360 3257 MACELLATORIBUS.
2460 3248 2465 3253 ,

1177 3543 1184 3551 -
1240 3387 1587 3591 ffiTEM
1661 3516 2018 3576 statutum
2084 3516 2195 3575 est
2270 3496 2472 3600 quod
2557 3494 2990 3575 macellator
3048 3523 3203 3574 non
3260 3495 3525 3575 debeat
3581 3495 3839 3574 lucrari
3896 3497 3972 3575 in
4042 3495 4299 3576 bestiis

1112 3684 1294 3763 quas
1349 3655 1766 3736 uendiderit
1822 3656 1964 3734 nisi
2020 3654 2405 3734 denarium
2460 3681 2598 3758 pro
2656 3654 2927 3733 solido,
2970 3672 3043 3733 et
3078 3655 3224 3733 hoc
3281 3673 3617 3733 teneatur
3671 3653 4134 3733 macellarius
4171 3656 4299 3732 ob·

1113 3841 1429 3894 seruare.
1487 3815 1580 3893 Et
1636 3812 1975 3893 similiter
2011 3831 2347 3892 teneatur
2402 3812 2824 3891 iuramento
2864 3812 2939 3891 in
2978 3813 3286 3891 ueritate
3326 3811 3567 3891 dicere
3605 3812 3698 3891 ad
3735 3811 3901 3917 plus
3939 3830 4297 3917 quantum

1112 3973 1531 4053 constiterit
1588 3972 1820 4052 bestia
1876 3970 1994 4050 uel
2053 3970 2286 4052 bestie
2343 3968 2644 4049 cuilibet
2699 3968 2985 4048 uolenti
3044 3991 3289 4049 emere
3328 3970 3810 4050 medietatem
3847 3969 3968 4050 uel
4005 3972 4297 4050 tertiam

1112 4151 1397 4236 partem
1455 4130 1577 4210 uel
1635 4148 1968 4235 quartam
2027 4148 2099 4208 et
2155 4127 2396 4208 dicere
2455 4130 2513 4207 si
2574 4154 2829 4207 carnes
2881 4146 3054 4219 sunt
3110 4129 3316 4231 porci
3354 4128 3476 4207 uel
3512 4147 3755 4232 troge.
3798 4129 4141 4207 castrotis
4178 4128 4298 4207 uel

1110 4316 1291 4369 non.
1353 4309 1426 4368 et
1482 4290 1607 4393 qui
1665 4306 1920 4368 contra
1977 4286 2226 4367 fecerit
2283 4286 2524 4365 soluat
2581 4314 2716 4392 pro
2769 4314 2959 4392 pena
3015 4313 3151 4390 pro
3208 4285 3543 4392 quolibet
3598 4305 3672 4366 et
3736 4287 4059 4392 qualibet
4135 4288 4297 4366 uice

1114 4445 1403 4527 solidos
1456 4474 1506 4524 v
1563 4447 1760 4524 curie
1818 4464 1891 4524 ct
1946 4463 2327 4525 accusator
2408 4447 2676 4524 habeat
2756 4446 3050 4524 tertiam
3134 4465 3418 4550 partem
3506 4445 3772 4524 banni..
3819 4445 3913 4525 Et
3967 4463 4300 4549 potestas

1111 4606 1352 4710 possit
1408 4602 1855 4708 compellere
1912 4601 2319 4707 quemlibet
2375 4602 2791 4683 beccarium
2830 4601 3065 4683 facere
3122 4630 3398 4683 carnes..
3469 4622 3542 4682 et
3606 4602 3870 4707 aliquis
3925 4602 4300 4682 beccarius

1114 4790 1270 4843 non
1327 4762 1592 4841 debeat
1647 4761 1967 4841 uendere
2025 4788 2278 4841 carnes
2332 4760 2863 4879 grignolossas·
2909 4762 3044 4870 (7)
3101 4762 3235 4842 sub
3292 4762 3543 4867 aliquo
3599 4780 3824 4841 tecto,
3894 4762 3986 4841 Et
4051 4760 4298 4840 nullus

1115 4919 1546 5001 macellator
1600 4921 1840 5025 possit
1894 4919 2014 4999 uel
2071 4919 2335 5000 debeat
2416 4918 2651 5001 facere
2735 4921 3056 5027 aliquam
3117 4902 3552 5001 societatem
3611 4948 3781 5000 cum
3838 4919 4089 5025 aliquo
4146 4920 4295 4999 alio

1116 5080 1589 5161 macellatore
1648 5081 1789 5160 nisi
1845 5108 1944 5159 xv
2001 5078 2262 5159 diebus
2321 5098 2491 5159 ante
2576 5079 2845 5160 festum
2931 5079 3196 5161 natalis
3273 5081 3561 5161 domini
3622 5100 3694 5159 et
3748 5077 4137 5183 paschatis.
4227 5099 4298 5157 et

1113 5269 1211 5319 xv
1270 5241 1530 5320 diebus
1564 5259 1735 5346 post
1775 5240 1929 5344 ipsa
1968 5237 2173 5318 festa.
2217 5258 2289 5319 et
2318 5240 2442 5345 qui
2472 5238 2983 5320 contrafecerit
3040 5239 3283 5319 soluat
3336 5266 3472 5344 pro
3528 5265 3717 5343 pena
3772 5237 4097 5344 qualibet
4136 5238 4296 5316 uice

1114 5398 1403 5479 solidos
1457 5426 1533 5480 x.
1576 5400 1668 5478 Et
1723 5398 1925 5503 quod
1982 5396 2224 5503 alique
2263 5425 2519 5478 carnes
2576 5397 2915 5478 morbide
2973 5426 3128 5478 non
3185 5399 3503 5478 debeant
3543 5397 3764 5480 uendi
3806 5395 3986 5476 infra
4041 5394 4296 5475 uillam

1112 5559 1562 5638 baennarum
1606 5577 1678 5637 et
1731 5576 2043 5661 pontem
2102 5576 2312 5661 porte
2370 5557 2768 5660 superioris
2806 5561 2940 5635 sub
2981 5583 3168 5660 pena
3208 5555 3623 5637 solidorum
3661 5584 3730 5635 v.
3774 5556 3867 5635 Et
3905 5556 4107 5660 quod
4148 5556 4301 5659 qui-
