5117 6834
246 708 413 787 343

259 2495 430 2576 344

269 4599 418 4678 345

2007 279 2502 381 LXXXII
2578 410 2583 415 ‚

665 597 818 760 D
826 680 887 758 E
944 678 1180 758 NON
1236 678 1873 761 IMPEDIENDO
1912 682 2176 762 UIAM
2230 682 2731 765 PERNALLI
2788 686 3098 767 INFRA
3150 686 3631 769 AYRALIA.

838 909 872 956 *a

805 921 964 1077 {³⁵1ae
998 1018 1155 1078 TEM
1213 1016 1568 1077 statutum
1644 1018 1753 1077 est
1820 997 2022 1103 quod
2106 998 2304 1078 nulla
2385 1027 2703 1104 persona
2787 1002 3022 1105 possit
3106 1021 3356 1082 tenere
3414 1001 3531 1082 uel
3588 1030 3865 1106 ponere

679 1156 931 1261 aliquo
988 1154 1225 1235 modo
1307 1155 1426 1234 uel
1512 1157 1821 1258 ingenio
1904 1155 2205 1261 aliquod
2273 1155 2653 1260 lignamen
2712 1157 2832 1237 uel
2891 1158 3094 1262 ligna
3150 1159 3390 1262 aliqua
3445 1159 3691 1263 paleas
3747 1160 3867 1239 uel

683 1315 975 1394 leamen
1054 1313 1333 1418 lapides
1409 1313 1526 1393 uel
1601 1313 1873 1418 aliquid
1949 1312 2144 1393 aliud
2221 1314 2841 1419 impedimentum
2916 1315 3165 1420 aliquo
3221 1336 3558 1420 tempore
3615 1318 3690 1396 in
3748 1318 3866 1397 uia

667 1474 926 1586 puntis
978 1471 1281 1576 pernalli
1340 1470 1519 1551 infra
1574 1471 1862 1574 ayralia.
1925 1500 1965 1551 a
2022 1470 2300 1551 fossato
2357 1472 2712 1575 ayralium
2769 1500 3000 1577 usque
3057 1474 3146 1552 ad
3204 1494 3514 1578 pontem
3573 1476 3697 1579 qui
3755 1494 3941 1554 esta

679 1632 883 1709 iuxta
938 1629 1181 1731 ayrale
1240 1630 1432 1709 siulfi
1490 1630 1797 1709 cortexii
1873 1630 2007 1708 sub
2099 1658 2285 1734 pena
2379 1629 2793 1710 solidorum
2851 1659 2926 1710 111
2980 1659 3115 1736 pro
3172 1632 3496 1736 qualibet
3549 1659 3865 1736 persona

681 1789 988 1892 quocies
1043 1788 1573 1868 contrafecerit.
1634 1790 1724 1869 Et
1780 1788 2104 1893 quelibet
2157 1816 2470 1893 persona
2527 1789 2806 1869 habens
2860 1789 3159 1895 aliquod
3219 1790 3862 1895 impedimentum.

682 1945 806 2025 uel
864 1946 1139 2050 aliquid
1197 1947 1288 2026 de
1348 1974 1485 2026 suo
1542 1947 1618 2026 in
1674 1947 1865 2026 dicta
1920 1948 2039 2026 uia
2098 1945 2275 2026 illud
2333 1947 2596 2026 debeat
2651 1946 2957 2027 aufferre
2997 1969 3069 2027 et
3108 1948 3474 2052 expedire.
3516 1950 3616 2026 ita
3662 1946 3864 2051 quod

682 2103 874 2183 dicta
932 2105 1049 2182 uia
1110 2131 1398 2208 semper
1454 2125 1826 2184 remaneat
1885 2104 2222 2209 expedita
2279 2124 2360 2184 ut
2416 2105 2699 2185 dictum
2766 2125 2899 2185 est.

666 2379 885 2560 DE
940 2457 1462 2539 LAPIDIBUS
1516 2459 1755 2540 NON
1810 2459 2446 2541 PROICIENDIS
2500 2462 2610 2540 IN
2668 2461 2882 2541 VIIS.

792 2673 1153 2876 Qum
1211 2807 1735 2867 statutumest
1791 2789 1993 2892 quod
2050 2786 2249 2867 nulla
2332 2774 2650 2891 persona
2727 2788 3035 2892 proiciat
3089 2787 3209 2867 uel
3266 2808 3494 2892 ponat
3575 2787 3864 2894 aliquos

679 2946 959 3050 lapides
1015 2948 1088 3025 in
1147 2945 1618 3051 infrascriptis
1671 2946 1814 3025 viis
1865 2945 2199 3050 publicis.
2255 2946 2604 3025 videlicet
2658 2945 2749 3024 ab
2806 2946 3220 3025 infermeria
3278 2947 3411 3053 (1)
3466 2974 3699 3069 usque
3786 2948 3861 3027 in

680 3106 914 3209 capite
973 3104 1092 3184 uel
1151 3106 1422 3183 cimam
1481 3116 1818 3184 montate
1876 3105 2104 3183 sancti
2164 3105 2321 3183 sisti
2378 3103 2535 3212 (2).
2596 3131 2733 3183 nec
2785 3103 2877 3183 ab
2935 3106 3262 3208 introytu
3320 3122 3656 3184 montate
3714 3131 3860 3209 que

680 3285 792 3344 est
849 3265 1049 3345 iuxta
1123 3265 1458 3342 autinum
1530 3263 1807 3342 henrici
1883 3262 2194 3342 carnalie
2268 3290 2499 3367 usque
2570 3264 2647 3341 in
2721 3265 2955 3367 capite
3011 3262 3130 3342 uel
3188 3265 3462 3349 cimam
3518 3283 3854 3344 montate
3953 3291 3957 3294 ⁴

678 3424 908 3503 sancti
967 3425 1259 3526 georgii
1317 3421 1452 3529 (3)
1509 3442 1582 3501 et
1636 3421 1839 3525 quod
1897 3421 2219 3526 quelibet
2273 3448 2587 3526 persona
2642 3449 2787 3526 que
2842 3419 3349 3515 contrafecerit
3432 3421 3674 3505 soluat
3726 3448 3863 3526 pro

677 3609 865 3686 pena
923 3581 1210 3662 solidos
1266 3609 1343 3662 111
1398 3608 1534 3684 pro
1592 3579 1913 3684 qualibet
1970 3581 2153 3659 uice.
2196 3580 2285 3658 Et
2324 3580 2573 3660 banno
2632 3579 2883 3659 soluto
2940 3578 3472 3659 nichilominus
3527 3599 3862 3660 teneatur

675 3739 981 3819 aufferre
1039 3740 1272 3819 dictas
1327 3736 1607 3843 lapides
1664 3736 1844 3818 infra
1882 3764 2007 3818 v111
2047 3738 2206 3817 dies
2241 3756 2639 3842 postquam
2696 3737 3226 3817 denunciatum
3283 3737 3498 3816 fuerit
3555 3737 3690 3816 sibi
3731 3737 3850 3816 uel

676 3918 1103 4003 preceptum
1162 3897 1295 3976 sub
1354 3896 1615 3976 eadem
1671 3922 1882 3999 pena.
1941 3897 2033 3974 Et
2088 3894 2411 4000 quelibet
2468 3923 2783 3999 persona
2837 3897 3075 4000 possit
3115 3888 3303 3975 'inde
3360 3921 3722 4007 accusare.
3784 3914 3858 3974 et

679 4058 745 4137 ei
804 4059 1223 4135 iuramento
1281 4053 1614 4134 credatur
1672 4073 1744 4132 et
1799 4052 2063 4133 habeat
2118 4054 2408 4132 tertiam
2464 4072 2747 4157 partem
2807 4053 3050 4133 banni.
3110 4054 3202 4133 Et
3257 4072 3587 4157 potestas
3621 4054 3860 4157 possit

674 4214 846 4295 inde
904 4215 1288 4318 inquirere.

661 4479 942 4684 QJI
996 4558 1522 4640 UOLUERIT
1576 4559 2122 4641 PLANTARE
2176 4558 2668 4640 PLANTAS.

908 4858 913 4865 ¹
951 4844 968 4875 a
991 4923 1148 4977 TEM
1204 4870 1405 5001 quod
1463 4895 1786 5001 quelibet
1838 4921 2154 5000 persona
2208 4922 2349 4999 que
2406 4893 2724 4974 uoluerit
2803 4892 3128 4999 plantare
3210 4892 3494 4999 plantas
3574 4891 3854 4997 aliquas

673 5081 888 5159 super
941 5055 1416 5159 possessione
1472 5080 1624 5133 sua.
1681 5053 1919 5157 possit
1974 5053 2167 5157 ipsas
2219 5051 2505 5158 plantas
2571 5079 2826 5156 capere
2883 5079 3098 5156 super
3181 5051 3509 5132 comuni.
3570 5049 3852 5130 scilicet

672 5212 825 5316 pira
883 5230 955 5290 et
1010 5211 1211 5313 myla
1268 5231 1340 5291 et
1395 5210 1647 5291 ulmos
1718 5210 1809 5290 ad
1893 5236 2103 5290 suam
2185 5209 2652 5290 uoluntatem
2710 5210 2868 5290 sine
2922 5237 3113 5315 pena
3169 5228 3243 5289 et
3297 5210 3570 5288 banno.
3630 5205 3853 5287 saluis

670 5367 1052 5448 arboribus
1108 5368 1374 5448 entatis
1429 5395 1643 5472 super
1689 5368 2028 5486 comuni.
2113 5393 2269 5447 non
2350 5365 2693 5448 obstante
2780 5385 3243 5447 sacramento
3327 5362 3523 5445 facto
3580 5362 3699 5443 uel
3755 5363 3852 5443 fa·
3923 5338 3938 5429 s

671 5525 962 5606 ciendo
1023 5551 1237 5633 super
1292 5526 1723 5605 nemoribus
1776 5526 2050 5606 iuratis.
