5117 6834
735 789 765 843 1
780 788 830 864 4
841 789 874 867 5
1089 669 1499 879 QJOD
1554 753 1878 834 LIGNA
1933 750 2172 836 NON
2224 753 2804 837 DUCANTUR
2859 753 3431 838 CAMPARHS.

724 3186 872 3285 146

1235 1039 1293 1139 ²35
1324 1063 1376 1138 ἰ
1441 1100 1600 1157 TEM
1656 1093 2013 1156 statutum
2044 1093 2156 1156 est
2191 1075 2395 1180 quod
2433 1073 2635 1155 nulla
2670 1101 2988 1180 persona
3041 1076 3280 1180 possit
3317 1075 3583 1156 ducere
3640 1101 3777 1155 nec
3833 1101 4133 1156 menate
4190 1102 4321 1156 seu

1121 1232 1295 1313 duci
1330 1213 1453 1313 uel
1490 1234 1773 1315 menari
1828 1232 2062 1314 facere
2101 1260 2275 1313 cum
2312 1233 2555 1314 bobus
2590 1233 2714 1315 uel
2750 1232 2914 1314 aliis
2950 1233 3207 1314 bestiis
3260 1232 3512 1338 aliquo
3559 1233 3798 1314 modo
3847 1231 3969 1313 uel
4006 1234 4321 1339 ingenio

1121 1389 1364 1496 aliqua
1418 1390 1625 1496 ligna
1680 1391 1801 1472 uel
1855 1391 2268 1496 lignamina
2321 1390 2539 1472 alicui
2602 1391 2730 1497 qui
2812 1392 2907 1472 sit
2988 1392 3400 1497 camparius
3456 1391 3909 1472 baennarum
3963 1391 4320 1496 quamdiu

1117 1548 1335 1630 fuerit
1390 1551 1803 1655 camparius
1860 1553 1995 1631 sub
2049 1577 2239 1656 pena
2297 1549 2716 1631 solidorum
2772 1579 2822 1630 x
2874 1577 3011 1656 pro
3067 1549 3392 1655 qualibet
3444 1577 3763 1656 persona
3802 1552 4109 1656 quocies
4146 1577 4321 1630 con-

1116 1708 1503 1788 trafecerit.
1543 1710 1686 1789 nisi
1715 1710 1872 1813 ipsa
1909 1708 2114 1814 ligna
2149 1681 2271 1789 uel
2310 1708 2722 1813 lignamina
2760 1728 2969 1814 capta
2999 1728 3072 1789 et
3100 1710 3367 1791 incissa
3421 1707 3732 1811 fuissent
3760 1710 3838 1790 in
3865 1709 4116 1814 aliquo
4155 1736 4321 1814 pro-

1116 1867 1281 1970 prio
1323 1871 1556 1947 bosco
1613 1867 1844 1972 ipsius
1899 1868 2245 1972 camparii
2298 1865 2419 1947 uel
2460 1885 2664 1948 extra
2719 1866 3265 1949 iurisdictiones
3323 1870 3802 1953 baennarurn.
3841 1869 3920 1947 in
3956 1894 4109 1972 quo
4147 1894 4321 1947 casu

1118 2025 1454 2104 credatur
1490 2025 1665 2106 inde
1703 2024 2004 2106 cuilibet
2039 2052 2356 2130 persone
2395 2045 2731 2107 accusate
2767 2027 3071 2132 proprio
3108 2028 3528 2107 iuramento
3567 2045 3642 2107 et
3677 2054 3851 2106 cum
3906 2053 4063 2106 uno
4100 2044 4314 2106 teste.

1113 2184 1322 2264 aliter
1376 2212 1555 2265 non.
1615 2186 1708 2264 Et
1763 2182 2086 2290 quelibet
2140 2212 2458 2290 persona
2510 2186 2751 2291 possit
2804 2212 3143 2266 accusare
3194 2184 3850 2266 contrafacientem
3906 2211 4081 2264 cum
4133 2185 4320 2264 iura-

1113 2363 1374 2424 mento
1430 2362 1504 2423 et
1560 2345 1628 2424 ei
1684 2344 2019 2424 credatur
2075 2362 2151 2424 et
2203 2343 2469 2424 habeat
2523 2345 2822 2425 tertiam
2876 2363 3162 2450 partem
3219 2343 3443 2425 banni
3502 2362 3578 2425 et
3631 2364 3969 2424 teneatur
4006 2344 4314 2449 priuata.

1114 2503 1208 2581 Et
1261 2503 1408 2582 hoc
1463 2501 1919 2608 intelligatur
1999 2503 2142 2583 nisi
2200 2503 2419 2583 ·dicta
2500 2502 2708 2608 ligna
2789 2500 2979 2583 forte
3061 2502 3362 2583 duceret
3416 2530 3591 2583 cum
3656 2503 3910 2583 bestiis
3978 2501 4315 2583 eiusdem
4435 2520 4440 2523 ’

1115 2661 1488 2765 camparii.

1073 3089 1483 3299 QJOD
1552 3172 2028 3254 HOMINES
2082 3173 2737 3257 BAENNARUM
2789 3176 2904 3257 SE
2959 3176 3340 3259 IUUARE
3393 3177 3882 3259 DEBEANT
3932 3178 4078 3262 AD
4133 3182 4274 3261 IN-

1390 3331 1741 3414 UICEM.

1206 3548 1396 3753 Q
1430 3684 1588 3739 TEM
1660 3677 2016 3739 statutum
2083 3677 2197 3740 est
2267 3659 2470 3772 quod
2536 3656 2846 3763 quilibet
2899 3659 3139 3739 homo
3221 3658 3315 3738 de
3400 3658 3707 3739 baennis
3780 3659 3899 3739 uel
3973 3659 4313 3740 habitans

1110 3819 1187 3896 in
1242 3815 1416 3897 uilla
1472 3819 1925 3898 baennarum
2005 3835 2342 3898 teneatur
2398 3835 2472 3897 et
2527 3815 2795 3897 debeat
2849 3817 3098 3896 iuuare
3155 3815 3564 3921 quemlibet
3618 3817 3851 3898 alium
3914 3818 4310 3898 hominem

1106 3977 1291 4056 totis
1326 3975 1603 4056 uiribus
1641 3994 1715 4056 et
1752 3976 2105 4057 omnibus
2159 3974 2445 4056 uicibus
2484 3993 2557 4055 et
2594 3975 2869 4056 modis,
2912 3994 2986 4055 et
3024 4001 3102 4055 se
3142 4001 3555 4055 succurrere
3592 3975 4039 4081 ubicumque
4094 3975 4310 4056 fuerit

1109 4152 1367 4215 contra
1404 4134 1755 4214 inimicos
1792 4133 2137 4214 comunis
2175 4151 2250 4213 et
2285 4134 2688 4214 hominum
2726 4133 3179 4213 baennarum
3220 4152 3294 4214 et
3330 4135 3455 4239 qui
3495 4136 4007 4215 contrafecerit
4064 4134 4308 4215 soluat

1106 4319 1243 4397 pro
1299 4291 1550 4372 banno
1608 4290 1896 4372 solidos
1949 4319 2072 4371 xx.
