5117 6834
823 672 910 748 19

825 2902 922 2955 20

825 4471 915 4525 21

1185 581 1405 746 DE
1459 660 1835 785 DANms
1891 606 2502 753 TuToRrssus.

1410 1034 1445 1086 a
1507 1018 1664 1074 TEM
1716 1012 2048 1073 teneatur
2109 1012 2439 1098 potestas
2501 992 2734 1073 facere
2790 992 2944 1073 dari
3007 1011 3292 1073 tutores
3373 1012 3446 1072 et
3514 1012 3885 1073 curatores
3946 991 4357 1073 minoribus

1184 1153 1244 1231 si
1300 1151 1470 1231 inde
1526 1150 1740 1231 fuerit
1795 1152 2207 1255 requisitus.
2286 1170 2359 1230 et
2411 1151 2615 1255 quod
2670 1168 3000 1256 potestas
3079 1168 3412 1230 teneatur
3467 1169 3540 1230 et
3594 1150 3857 1230 debeat
3909 1149 4144 1230 facere
4196 1149 4356 1231 fieri

1185 1328 1262 1413 et⁸
1312 1307 1518 1388 reddi
1574 1308 1939 1388 rationem
1995 1307 2652 1388 administrationis
2706 1307 2891 1387 facte
2948 1306 3040 1386 de
3099 1307 3315 1387 bonis
3351 1282 3728 1388 minorum
3784 1335 3827 1387 a
3879 1308 4246 1388 tutoribus
4283 1326 4357 1387 et

1186 1465 1638 1545 curatoribus
1694 1484 1766 1544 et
1819 1465 2185 1545 tutoribus
2241 1464 2706 1568 generalibus
2762 1463 2992 1544 semel
3031 1466 3105 1543 in
3143 1491 3341 1544 anno
3379 1463 3723 1544 uidelicet
3777 1464 3964 1543 inter
3994 1483 4356 1544 ⁴sanctum

1185 1621 1653 1702 michaellem
1712 1641 1784 1701 et
1841 1602 2175 1702 sanctum
2214 1622 2615 1701 martinum
2662 1640 2734 1701 et
2780 1639 2981 1701 tutor
3037 1640 3109 1700 et
3163 1622 3387 1701 tutrix
3445 1641 3517 1701 et
3574 1638 3861 1701 curator
3917 1640 3990 1701 et
4045 1623 4357 1701 curatrix

1186 1781 1307 1884 qui
1374 1779 1492 1859 uel
1550 1806 1691 1883 que
1747 1777 2022 1858 dictam
2084 1779 2450 1859 rationem
2503 1806 2661 1858 non
2726 1779 3121 1859 reddiderit
3176 1778 3358 1858 infra
3412 1778 3693 1858 dictum
3756 1796 4052 1882 tempus
4116 1778 4357 1895 soluat

1188 1963 1322 2041 pro
1384 1962 1571 2040 pena
1639 1934 1924 2015 solidos
1985 1962 2107 2015 Lx.
2176 1954 2249 2015 et
2312 1934 2840 2016 nichilominus
2895 1936 3166 2015 dictam
3222 1936 3586 2015 rationem
3642 1933 3945 2014 reddere
3999 1954 4354 2015 teneatur.

1189 2113 1262 2173 et
1317 2092 1638 2197 quelibet
1676 2119 1989 2197 persona
2025 2095 2261 2198 possit
2299 2093 2470 2173 inde
2508 2119 2868 2173 accusare.
2912 2111 2983 2172 et
3022 2094 3089 2172 ei
3129 2092 3542 2171 iuramento
3580 2091 3934 2172 credatur.
3976 2110 4050 2172 et
4094 2092 4356 2172 habeat

1187 2250 1480 2330 tertiam
1536 2268 1817 2353 partem
1874 2251 2119 2329 banni.
2186 2269 2258 2329 et
2324 2269 2651 2355 potestas
2713 2249 2832 2329 uel
2890 2250 3048 2328 eius
3103 2248 3354 2327 locum
3410 2268 3672 2328 tenens
3727 2249 3962 2354 possit
4025 2248 4198 2328 inde
4254 2249 4357 2328 in-

1189 2408 1494 2512 quirere.

1198 2815 1600 3020 QOD
1657 2892 2189 2974 POTESTAS
2242 2892 2438 2973 SUA
2492 2890 2871 2971 DEBITA
2925 2887 3388 2971 SOLUERE
3442 2885 4028 2969 TENEATUR.

1325 3162 1673 3364 ΞξΤΕΜ
1713 3264 2043 3325 teneatur
2080 3264 2406 3351 potestas
2442 3264 2612 3325 ante
2648 3272 2872 3350 quam
2909 3245 3200 3325 recedat
3236 3272 3278 3324 a
3325 3247 3721 3350 potestaria
3767 3246 4055 3327 soluere
4104 3247 4359 3327 omnia

1193 3402 1438 3481 debita
1491 3428 1635 3505 que
1692 3428 1819 3481 sua
1869 3402 2260 3481 occasione
2307 3400 2555 3481 fecerit
2611 3402 2686 3480 in
2742 3401 3047 3481 baennis
3100 3400 3220 3481 uel
3259 3428 3400 3506 que
3448 3402 3618 3481 dare
3664 3401 3995 3482 debuerit
4042 3422 4114 3482 et
4170 3422 4356 3483 stare

1192 3560 1269 3639 in
1325 3538 1631 3639 baennis
1691 3578 1863 3665 post
1927 3560 2208 3639 exitum
2265 3559 2375 3638 sui
2429 3559 2817 3663 regiminis
2868 3586 2996 3663 per
3050 3578 3197 3638 tres
3252 3559 3433 3639 dies.
3492 3579 3565 3639 et
3618 3558 3850 3639 facere
3906 3559 4202 3640 cuilibet
4256 3589 4360 3641 ra-

1190 3717 1501 3796 tionem.
1559 3715 1850 3796 Eodem
1905 3716 2141 3797 modo
2222 3735 2554 3796 teneatur
2635 3715 2875 3796 dictus
2952 3734 3281 3822 potestas
3350 3715 3638 3796 soluere
3693 3716 3937 3797 debita
3992 3744 4133 3822 que
4189 3719 4358 3799 dare

1190 3872 1561 3953 debebunt
1599 3874 1757 3953 eius
1791 3871 2181 3953 famlllares
2217 3874 2292 3953 in
2330 3874 2637 3953 baennis
2662 3886 2725 3953 ‘et
2760 3899 2864 3954 hoc
2899 3900 2965 3953 ad
3003 3900 3309 3954 instantiam
3357 3899 3679 3955 sindicorum
3729 3902 3985 3956 comunis.
4033 3913 4086 3955 et
4131 3914 4361 3972 potestas

1191 4041 1432 4085 teneatur
1466 4031 1562 4084 sub
1597 4030 1810 4085 uinculo
1846 4030 2128 4085 iuramenti
2163 4028 2455 4084 observare'
2478 4046 2692 4100 presens
2729 4029 3031 4100 capitulum.
3068 4031 3155 4100 (2)

1202 4400 1424 4562 DE
1477 4478 1759 4559 FENO
1815 4478 2051 4561 NON
2106 4477 2630 4562 CAPIENDO
2686 4477 2873 4560 PER
2930 4474 3627 4557 POTESTATEM
3693 4477 3897 4558 NEC
3951 4476 4085 4556 DE
4140 4475 4368 4556 UUIS

1514 4635 1717 4717 NEC
1773 4637 1904 4717 DE
1959 4636 2286 4719 ORTIS.

1340 5030 1377 5060 ν
1424 4970 1487 5093 ’ξ
1517 5015 1676 5073 ΤΕΜ
1730 5009 2085 5072 statutum
2143 5010 2255 5072 est
2309 4991 2511 5097 quod
2567 5010 2896 5096 potestas
2975 5020 3129 5074 non
3212 4994 3475 5074 debeat
3527 5020 3664 5073 nec
3718 4995 3955 5099 possit
4035 4995 4359 5099 accipere

1191 5150 1311 5231 uel
1365 5149 1593 5255 accipi
1649 5148 1882 5230 facere
1939 5150 2014 5230 in
2070 5148 2320 5254 aliquo
2376 5149 2549 5230 loco
2606 5150 2699 5230 de
2755 5149 3004 5255 aliquo
3060 5150 3234 5232 feno
3289 5153 3364 5231 in
3420 5151 3700 5257 mugiis
3753 5150 3873 5231 uel
3929 5132 4159 5232 aliter.
4218 5152 4358 5230 nisi

1192 5308 1479 5388 emerit.
1537 5335 1673 5388 nec
1729 5308 1822 5388 de
1879 5308 2044 5420 uuis
2098 5309 2479 5388 uinearum
2534 5335 2673 5388 nec
2755 5309 2848 5389 de
2932 5309 3115 5390 ortis
3177 5336 3312 5390 nec
3368 5310 3460 5390 de
3515 5309 3878 5414 aliquibus
3930 5308 4093 5389 aliis
4143 5309 4362 5389 rebus

1189 5466 1590 5547 hominum
1650 5468 2118 5546 baennarum.
