5117 6834
782 4056 930 4132 292

1180 711 1211 823 3⁷
1251 702 1373 815 22²3?
1407 701 1564 769 ec
1634 687 1852 768 sunt
1925 660 2320 801 capitula
2392 660 2627 765 facta
2707 684 3149 800 tempore
3240 659 3615 765 domini
3714 659 4117 765 iacobini
4229 659 4347 764 de

1256 845 1360 887 ‘¹
1413 875 1440 896 ³
1452 841 1802 977 riparia.
1919 839 2403 977 potestatis
2510 835 3126 941 baennarum.
3197 872 3364 974 per
3439 838 3898 974 sapientes
3971 834 4089 938 ad
4163 834 4351 939 hoc

1174 1029 1547 1136 electos.
1628 1030 1969 1137 scilicet
2042 1068 2206 1170 per
2279 1029 2775 1134 henricum
2849 1026 3385 1134 bealetium.
3466 1028 3964 1133 henricum
4038 1026 4350 1132 burdi-

1172 1225 1457 1328 cium.
1503 1226 2053 1364 Georgium
2126 1222 2661 1363 giraudum.
2753 1220 3416 1326 Gulliermum
3501 1257 4113 1326 manzanum.
4195 1222 4345 1324 ni-

1171 1415 1592 1548 coletum
1642 1416 2031 1556 gallum.
2086 1442 2467 1555 petrum
2515 1414 3288 1555 bergognonum.
3342 1413 3692 1519 facium
3744 1413 4347 1519 cunibertum

1171 1609 1707 1716 Iohannem
1792 1609 2288 1714 brucium.
2358 1607 2830 1717 Rufinum
2905 1607 3294 1748 pichum
3371 1631 3461 1711 et
3536 1605 4110 1712 confirmata
4184 1643 4353 1745 per

1169 1802 1683 1907 dominum
1750 1798 2242 1908 oddonem
2319 1801 2437 1906 de
2512 1803 2885 1941 Riparia
2959 1801 3424 1906 uicarium
3499 1799 4015 1905 reuerendi·
4065 1801 4351 1938 patris

1170 1994 1539 2100 domini
1610 1995 2096 2100 Guidonis
2209 1994 2360 2099 dei
2432 1996 2722 2135 gratia
2802 1994 3244 2132 Episcopi
3338 1994 3756 2097 astensis.
3838 1991 4015 2097 sub
4090 2029 4346 2097 anno

1169 2188 1537 2294 domini
1648 2188 2162 2294 millesimo
2239 2189 2835 2294 CCCXVH
2945 2186 3418 2290 indicione
3489 2188 3724 2290 XV.
3867 2333 3879 2340 ,

1164 2743 1566 2951 QJoD
1622 2828 2384 2911 coNTINEATuR
2436 2826 2826 2910 NOMEN
2860 2826 2995 2909 ET
3032 2823 3610 2910 PRENOMEN
3662 2823 3772 2906 m
3826 2821 4349 2920 QUALIBET

1273 3003 1370 3017 2<
1477 2984 1960 3074 ACCUSA..
2229 2999 2234 3006 ·
2738 2997 2741 3000 ¹
3507 2989 3608 3002 ···
3713 3034 3716 3037 ,
4020 3015 4023 3018 ·
4150 2988 4181 3023 -·

1294 3201 1645 3403 Qum
1700 3308 2057 3370 statutum
2114 3308 2226 3371 est
2282 3289 2484 3395 quod
2542 3291 2603 3369 si
2658 3289 2901 3394 aliqua
2956 3316 3215 3370 accusa
3261 3288 3448 3370 facta
3503 3289 3719 3370 fuerit
3774 3291 3852 3370 in
3908 3319 4049 3397 qua
4086 3320 4349 3373 accusa

1171 3473 1328 3527 non
1383 3448 1847 3531 contineatur
1927 3474 2210 3528 nomen
2294 3458 2365 3530 et
2445 3474 2860 3553 prenomen
2943 3445 3141 3528 illius
3196 3449 3405 3528 cuius
3442 3450 3598 3562 xerit
3653 3448 4085 3554 dampnum.
4112 3535 4115 3538 Α
4144 3450 4349 3555 quod

1171 3603 1411 3711 aliqua
1466 3601 1783 3687 emenda
1837 3632 2017 3686 non·
2049 3607 2288 3711 possit
2342 3606 2544 3711 exigi
2600 3603 2720 3686 uel
2777 3607 3024 3686 excuti
3079 3606 3475 3687 occasione
3531 3606 3725 3687 dicte
3780 3634 4063 3688 accuse.

1170 3956 1389 4120 DE
1427 4036 1868 4120 CONTRA
1907 4033 2628 4134 QUERENTIBUS
2664 4031 3043 4118 CORAM
3096 4031 3710 4116 POTESTATE
3744 4031 3881 4113 DE
3934 4030 4344 4128 ALIQUO

1480 4196 2016 4278 PRECEPTO
2072 4195 2143 4275 A
2170 4260 2173 4263 .
2198 4191 2815 4278 POTESTATE
2870 4191 3252 4272 FACTO.

1296 4412 1646 4615 ffi‘rffl
1684 4519 2041 4581 statutum
2080 4518 2191 4581 est
2228 4500 2432 4605 quod
2472 4501 2532 4581 si
2569 4518 2901 4604 potestas
2940 4502 3391 4580 baennarum
3429 4502 3973 4606 constringeret
4027 4470 4351 4607 aliquam

1172 4682 1567 4760 personam
1623 4655 1714 4736 de
1772 4657 2081 4737 baennis'
2131 4656 2364 4737 facere
2420 4655 2696 4762 aliquid
2749 4657 3224 4762 precipiendo
3297 4658 3491 4737 dicte
3546 4685 3861 4763 persone
3916 4657 4189 4764 aliquid
4229 4660 4349 4741 uel

1172 4812 1401 4896 aliter.
1462 4833 1536 4895 et
1589 4814 1783 4895 dicta
1837 4842 2152 4920 persona
2225 4815 2491 4896 dixerit
2566 4833 2641 4895 et
2709 4816 3160 4920 opposuerit.
3235 4815 3439 4920 quod
3504 4815 3838 4896 uideatur
3895 4815 4141 4896 eidem
4196 4845 4354 4923 per-

1173 5000 1358 5053 sone
1415 4972 1617 5079 quod
1672 4972 1914 5052 dictus
1968 4973 2321 5053 dominus
2400 4936 2734 5079 potestas
2823 4970 3035 5052 faciat
3092 4974 3231 5055 sibi
3288 4972 3700 5079 obliquum.
3760 4993 3832 5053 et
3893 4975 4352 5080 requisiuerit

1171 5132 1456 5213 dictum
1509 5148 1961 5237 potestatem
2016 5131 2219 5237 quod
2275 5132 2488 5213 faciat
2544 5132 2684 5212 sibi
2714 5134 3103 5237 cognosci
3158 5159 3286 5237 per
3341 5132 3665 5212 iudicem
3721 5158 3878 5213 non
3917 5154 4348 5253 suspectum

1178 5291 1239 5369 si
1294 5290 1535 5372 dictus
1586 5308 1921 5396 potestas
1972 5307 2221 5395 potest
2273 5290 2418 5371 hoc
2475 5269 2709 5371 facere
2764 5290 2886 5370 uel
2940 5318 3098 5371 non
3152 5290 3246 5371 de
3286 5294 3455 5372 iure
3512 5309 3687 5371 tunc
3743 5294 3820 5372 in
3875 5289 4006 5371 illo
4044 5319 4216 5371 casu
4253 5310 4353 5373 te-

1175 5465 1431 5527 neatur
1485 5448 1726 5529 dictus
1777 5466 2108 5554 potestas
2162 5450 2394 5529 iacere
2450 5451 2814 5555 cognosci
2869 5448 2944 5528 id
3001 5448 3094 5530 de
3150 5476 3301 5554 quo
3356 5448 3571 5528 fuerit
3625 5449 4016 5554 requisitus
4068 5476 4197 5554 per
4251 5451 4354 5529 iu-

1176 5605 1420 5686 dicem
1475 5633 1630 5686 non
1671 5627 2115 5712 suspectum.
2160 5608 2505 5711 expensis
2540 5634 2856 5712 persone
2895 5608 3042 5688 hoc
3079 5609 3539 5713 requirentis
3579 5625 3749 5687 ante
3788 5633 4010 5711 quam
4049 5606 4353 5688 ulterius
