5117 6834
819 1368 920 1466 46

819 3535 917 3615 47

1189 631 1551 712 deffensio
1591 631 1938 713 scribatur
1976 635 2174 714 iuxta
2215 660 2591 713 accussam
2633 632 2751 712 uel
2793 660 3242 738 processum.
3284 633 3495 713 aliter
3530 661 3916 738 processus
3955 651 4028 713 et
4063 660 4361 714 accussa
4437 667 4444 674 ⁶

1187 817 1340 869 non
1397 790 1708 869 ualeant.
1767 817 1833 871 Et
1869 817 2009 888 quod
2036 818 2078 872 si
2104 818 2241 871 dicta
2277 817 2532 872 deffeusio
2556 834 2667 871 non
2694 817 2846 871 fuerit
2884 819 3006 871 data
3046 835 3255 872 accussa
3292 834 3401 871 non
3429 819 3616 871 valeat.
3652 834 3743 871 seu
3778 834 4019 888 processu
4053 817 4210 873 facto,
4247 819 4362 889 ipso

1187 948 1297 1001 iure
1332 949 1436 1001 sint
1477 949 1679 1017 penitus
1718 949 1957 1002 absoluti.

1179 1297 1402 1463 DE
1455 1378 1825 1460 BANNIS
1881 1380 2647 1478 CAMPARIORUM
2701 1380 3521 1462 COGNOSCENDIS.

1308 1593 1656 1796 ἕΞἸ-ΒΜ
1713 1698 2066 1759 statutum
2122 1699 2231 1760 est
2286 1680 2488 1784 quod
2546 1681 2606 1759 si
2662 1679 2903 1784 aliqua
2957 1707 3273 1785 persona
3327 1700 3659 1762 accusata
3711 1711 3840 1788 per
3905 1686 4355 1789 camparium

1185 1839 1641 1943 requisiuerit
1685 1856 2132 1942 potestatem
2187 1836 2307 1918 uel
2363 1839 2519 1917 eius
2575 1836 2826 1918 locum
2882 1857 3261 1919 tenentem
3319 1839 3519 1942 quod
3559 1839 3695 1919 sibi
3734 1842 4094 1943 cognosci
4139 1839 4357 1920 'faciat

1190 2000 1510 2076 bannum
1577 1998 1803 2100 ipsius
1864 2023 2158 2076 accusse
2222 1995 2402 2076 infra
2468 2015 2762 2101 tempus
2825 1998 3119 2076 termini
3184 1995 3666 2077 deffensionis
3730 1995 3865 2076 sibi
3939 1997 4130 2077 date.
4198 1999 4354 2102 ipse

1185 2172 1511 2256 potestas
1567 2173 1639 2232 et
1695 2154 1850 2233 eius
1905 2152 2156 2232 locum
2193 2171 2454 2233 tenens
2490 2171 2821 2232 teneatur
2858 2151 3089 2234 facere
3129 2154 3264 2237 sibi
3304 2154 3663 2257 cognosci
3700 2152 3980 2233 dictum
4028 2152 4356 2233 bannum

1187 2312 1413 2415 ipsius
1476 2329 1764 2390 tantum
1827 2337 2139 2414 persone
2205 2328 2536 2390 accusate
2564 2311 2607 2349 '⁶
2660 2338 2786 2415 per
2840 2309 3162 2390 iudicem
3226 2312 3710 2390 constitutum
3766 2309 3856 2390 ad
3913 2310 4051 2390 alia
4115 2310 4355 2391 banna

1185 2468 1731 2572 cognoscenda.
1791 2486 1864 2547 et
1918 2495 2147 2573 quum
2184 2466 2322 2547 alia
2359 2467 2597 2547 banna
2644 2485 3190 2571 cognoscentur
3246 2469 3322 2546 in
3376 2466 3681 2548 baennis
3735 2485 3809 2547 et
3862 2467 4084 2548 iudex
4110 2469 4153 2507 '⁶
4198 2495 4355 2548 non

1186 2628 1418 2731 possit
1490 2645 1734 2730 petere
1798 2625 1918 2706 uel
1982 2626 2245 2706 habere
2310 2625 2403 2705 de
2468 2626 2679 2705 omni
2753 2626 3187 2731 cognitione
3261 2626 3686 2706 huiusmodi
3759 2652 4182 2705 accusatum
4255 2623 4356 2706 fa-

1186 2802 1465 2862 ctarum
1528 2810 1655 2887 per
1718 2786 2165 2888 camparium
2229 2783 2322 2864 de
2389 2782 2648 2864 solidis
2710 2812 2761 2865 x
2831 2802 2905 2864 et
2959 2782 3141 2863 infra
3196 2783 3381 2863 ultra
3452 2783 3795 2863 denarios
3858 2811 3957 2864 vl.
4018 2802 4091 2863 et
4145 2811 4186 2863 a
4243 2811 4359 2864 so-

1187 2938 1353 3019 lidis
1408 2967 1457 3019 x
1516 2967 1727 3044 supra
1781 2967 2010 3046 usque
2068 2942 2141 3019 in
2200 2940 2484 3021 solidos
2538 2968 2644 3021 xx
2699 2940 2885 3020 ultra
2942 2940 3267 3021 solidum
3322 2968 3367 3020 1.
3429 2959 3500 3020 et
3554 2968 3597 3019 a
3654 2940 3911 3020 solidis
3973 2967 4080 3021 xx
4146 2969 4358 3047 supra

1188 3097 1453 3176 habere
1492 3096 1753 3176 debeat
1780 3124 1915 3201 pro
1944 3099 2403 3201 cognitione.
2444 3098 2536 3177 ad
2576 3098 2942 3176 rationem
2974 3097 3191 3176 solidi
3232 3125 3253 3176 1
3292 3124 3427 3201 pro
3466 3095 3644 3175 libra
3683 3115 3755 3176 et
3792 3125 3948 3178 non
3986 3097 4195 3209 ultra.
4220 3098 4354 3205 (1)

1176 3446 1398 3612 DE
1453 3526 1953 3608 EUTENDIS
2009 3528 2380 3611 BANNIS
2434 3527 3567 3612 CONDEMPNATIONIUM.

1309 3740 1659 3944 ffl‘rmu
1715 3850 2067 3911 staturum
2124 3850 2235 3910 est
2290 3830 2491 3934 quod
2550 3832 2611 3910 si
2666 3830 2903 3936 aliqua
2965 3858 3279 3936 persona
3343 3830 3883 3935 condempnata
3950 3830 4043 3911 de
4107 3831 4355 3936 aliquo

1188 3987 1441 4068 debito
1495 3987 1617 4067 uel
1671 4015 1746 4069 re
1802 3988 2007 4068 alteri
2060 4014 2374 4093 persone
2447 3987 2998 4069 denunciauerit
3060 3988 3409 4092 potestati
3461 3987 3580 4067 uel
3637 3989 3831 4067 curie
3905 3988 4354 4069 baennarum

1186 4144 1516 4225 nolendo
1573 4147 1843 4225 euitare
1900 4148 2226 4225 bannum
2299 4144 2996 4250 condempnationis
3049 4145 3251 4250 quod
3306 4163 3550 4249 parata
3606 4146 3699 4226 sit
3754 4165 3826 4226 et
3880 4145 4060 4226 uelit
4123 4148 4355 4226 iurare

1189 4301 1651 4383 manifestare
1710 4329 1837 4381 sua
1890 4305 2088 4382 bona
2144 4320 2217 4382 et
2270 4301 2441 4381 dare
2496 4302 2575 4380 in
2633 4303 2919 4407 scriptis
2974 4329 3059 4381 ea
3114 4302 3457 4382 creditori
4177 4291 4187 4302 ’

1187 4478 1516 4564 potestas
1550 4467 1880 4540 teneatur
1916 4461 2152 4564 ipsam
2205 4486 2602 4564 personam
2640 4460 2871 4539 iurare
2909 4458 3375 4539 manifestare
3422 4460 3617 4540 bona
3662 4459 3811 4541 fide
3867 4461 4121 4540 omnia
4159 4459 4355 4540 bona

1191 4644 1341 4697 sua.
1401 4634 1475 4695 et
1530 4617 1894 4721 precipere
1952 4618 2018 4695 ei
2076 4620 2209 4697 sub
2262 4643 2452 4721 pena
2507 4615 2920 4696 solidorum
2973 4643 3051 4697 111
3106 4617 3306 4720 quod
3363 4615 3544 4698 infra
3599 4619 3898 4698 tertium
3936 4618 4138 4698 diem
4191 4646 4355 4723 pro-

1189 4775 1475 4853 ximum
1541 4774 1933 4877 consignet
1989 4793 2062 4854 et
2115 4772 2241 4854 det
2297 4801 2382 4854 ea
2444 4775 2520 4853 in
2579 4774 2863 4879 scriptis
2924 4774 3265 4854 creditori
3331 4777 3445 4854 cui
3511 4775 4051 4881 condempnata
4115 4774 4351 4856 fuerit.

1189 4950 1261 5011 et
1316 4930 1458 5010 hiis
1511 4929 1749 5010 taliter
1803 4929 2009 5010 factis
2062 4929 2256 5010 dicta
2309 4954 2623 5035 persona
2678 4929 3219 5035 condempnata
3272 4958 3539 5036 penam
3605 4958 3734 5012 seu
3789 4931 4115 5011 bannum
4182 4958 4355 5011 con-

1187 5089 1736 5193 dempnationis
1798 5086 2096 5193 aliquod
2162 5115 2317 5168 non
2383 5089 2717 5167 incurrat.
2785 5087 2929 5167 hoc
2996 5086 3371 5168 intellecto
3436 5088 3637 5193 quod
3704 5089 3763 5168 si
3830 5089 4117 5168 debitor
4180 5090 4351 5169 dare

1185 5246 1503 5326 uoluerit
1571 5246 1912 5326 creditori
1976 5264 2177 5326 tanta
2231 5245 2426 5325 bona
2489 5244 2783 5348 ydonea
2846 5244 3150 5325 mobilia
3205 5273 3372 5350 que.
3413 5245 3776 5326 sufficient
3838 5247 3914 5325 in
3980 5245 4351 5327 solutione

1190 5402 1438 5483 debiti.
1498 5404 1699 5508 quod
1757 5430 1910 5483 non
1966 5421 2297 5483 teneatur
2353 5404 2584 5482 iurare
2640 5402 2810 5483 dare
2866 5404 2942 5482 in
2998 5403 3281 5507 scriptis
3335 5401 3531 5482 bona
3587 5429 3714 5483 sua
3770 5402 4136 5483 creditori.
