5117 6834
316 1461 422 1537 94

2115 312 2328 415 XX

689 588 900 667 fuerit
939 587 1202 668 debeat
1241 605 1314 666 et
1350 604 1683 666 teneatur
1719 585 1952 666 facere
1988 586 2430 690 petitionem
2469 610 2681 665 suam
2709 582 2801 662 de
2831 583 2985 662 iure
3024 580 3224 685 quod
3261 599 3511 684 petere
3547 578 3871 659 uoluerit

689 744 764 823 in
819 743 1013 823 dicta
1067 770 1145 823 re
1199 741 1319 823 uel
1374 742 1637 823 mobili
1699 743 1855 822 iure
1920 741 2295 821 ordinario
2368 738 2550 820 infra
2624 739 2887 820 decem
2951 737 3109 817 dies
3173 755 3344 842 post
3417 736 3619 816 diem
3685 733 3866 814 dicti

690 902 1010 1005 precepti
1065 899 1394 1004 alioquin
1448 897 1748 978 abinde
1804 897 1991 978 ultra
2030 897 2327 977 -dictum
2381 916 2809 1001 preceptum
2871 895 2991 974 uel
3043 895 3539 974 saximentum
3596 889 3870 970 nullius

692 1058 786 1136 sit
841 1057 1159 1136 omnino
1212 1056 1511 1136 ualoriS.

641 1365 865 1530 DE
917 1442 1529 1546 PORCHERIJS
1582 1444 1719 1524 ET
1771 1442 2318 1547 UACHERIJS
2371 1444 2507 1524 ET
2562 1406 2933 1529 EORUM
2985 1445 3463 1548 SALARtJS.

767 1626 957 1829 ΞΕ
1009 1759 1165 1814 TEM
1238 1752 1596 1814 statutum
1669 1753 1778 1813 est
1842 1734 2042 1838 quod
2111 1735 2467 1838 porcherij
2541 1753 2615 1813 et
2682 1735 2993 1836 uacherij
3063 1733 3407 1815 comunis
3461 1702 3869 1812 bennarum

695 1918 822 1970 seu
879 1892 1004 1995 qui
1060 1890 1593 1971 custodiuerint
1647 1890 1925 1996 aliquas
1980 1891 2251 1971 bestias
2303 1892 2698 1995 porchinas
2750 1890 2870 1970 uel
2926 1891 3240 1970 bouinas
3275 1889 3368 1969 ad
3406 1889 3721 1971 loerium
3768 1909 3873 1969 te·

694 2067 999 2128 neantur
1038 2067 1110 2128 et
1148 2047 1462 2128 debeant
1520 2048 1715 2151 ipsas
1750 2046 2022 2127 bestias
2077 2047 2445 2128 custodire
2484 2046 2577 2126 de
2615 2049 2895 2127 marcio
2934 2048 3010 2126 in
3048 2047 3396 2126 martium
3429 2075 3567 2152 pro
3605 2047 3871 2127 salario

697 2232 824 2284 seu
855 2204 1091 2285 loerio
1120 2202 1601 2308 infiascriptO.
1641 2204 1765 2283 tali
1805 2202 2043 2284 modo
2072 2204 2274 2307 quod
2309 2223 2708 2308 postquam
2734 2230 3049 2307 persona
3078 2203 3316 2308 aliqua
3345 2205 3707 2283 cazauerit
3735 2203 3871 2311 (1)

695 2360 964 2440 bestias
1018 2388 1185 2441 suas
1239 2361 1452 2440 alicui
1508 2362 2005 2466 predictorum
2058 2379 2442 2466 pastorum
2497 2387 2653 2439 non
2707 2360 2942 2464 possit
2995 2377 3254 2463 postea
3307 2359 3500 2438 dicta
3552 2386 3872 2464 persona

698 2517 878 2596 infra
934 2517 1215 2597 dictum
1270 2520 1673 2599 terminum
1717 2490 2005 2598 ‘auferre
2061 2519 2255 2622 ipsas
2293 2517 2563 2598 bestias
2615 2517 2890 2621 pastori
2949 2515 3067 2595 uel
3124 2518 3538 2620 pastoribus
3592 2518 3708 2597 cui
3747 2517 3869 2597 uel

695 2673 959 2778 quibus
1012 2677 1207 2779 ipsas
1261 2674 1531 2755 bestias
1586 2675 1948 2755 cazauerit
2005 2702 2133 2755 seu
2190 2674 2282 2753 de
2339 2673 2676 2754 custodia
2734 2675 3064 2777 ipsorum
3122 2699 3336 2751 causa
3392 2673 3703 2753 faciendi
3752 2701 3880 2754 eas

694 2832 1066 2912 custodire
1120 2832 1236 2936 alij
1295 2833 1572 2935 pastori
1629 2833 1752 2936 qui
1808 2858 1963 2912 non
2021 2832 2114 2911 sit
2169 2829 2261 2911 de
2318 2829 2596 2910 familia
2664 2830 2898 2935 ipsius
2951 2856 3289 2934 persone.
3352 2849 3424 2908 et
3480 2832 3541 2910 si
3595 2849 3883 2910 contra-

697 2988 947 3068 fecerit
1001 2990 1067 3068 ei
1123 2989 1243 3068 uel
1283 2991 1391 3069 eis
1429 2988 1838 3069 satisfacere
1894 3007 2226 3069 teneatur
2265 2988 2356 3068 de
2395 3007 2565 3067 toto
2622 2987 2859 3067 loerio
2895 3015 2978 3066 ac
3019 2988 3077 3066 si
3117 2987 3640 3067 custodiuisset
3686 2988 3884 3092 ipsas

694 3126 966 3226 bestias
1002 3145 1278 3226 ablatas
1332 3146 1426 3225 de
1484 3173 1612 3226 sua
1667 3146 2002 3225 custodia
2057 3173 2288 3251 usque
2318 3147 2393 3225 in
2430 3144 2662 3225 finem
2700 3144 2876 3224 dicti
2913 3145 3236 3224 termini.
3276 3145 3445 3225 Alia
3482 3145 3879 3225 occasione

695 3330 917 3407 quam
973 3305 1366 3384 occasione
1406 3330 1529 3384 eas
1566 3302 1878 3383 faciendi
1935 3303 2286 3383 custodiri
2343 3301 2456 3405 alij
2516 3303 2792 3407 pastori
2851 3321 3204 3382 extraneo
3253 3303 3409 3381 siue
3465 3329 3620 3382 non
3676 3301 3888 3381 fami-

695 3458 849 3539 liari
907 3487 1044 3540 suo
1098 3479 1432 3541 teneatur
1470 3460 1625 3564 ipsa
1663 3459 1827 3539 talis
1882 3487 2194 3564 persona
2250 3458 2661 3539 satisfacere
2718 3458 2923 3539 dicto
2977 3459 3252 3563 pastori
3302 3458 3420 3538 uel
3465 3459 3885 3563 pastoribus

695 3645 829 3721 pro
883 3637 1093 3697 tanto
1147 3588 1485 3723 tempore
1552 3635 1830 3721 quanto
1907 3616 2138 3696 dictas
2197 3617 2470 3696 bestias
2545 3615 3051 3696 custodiuerit.
3112 3635 3184 3695 et
3239 3642 3395 3695 non
3464 3643 3598 3719 pro
3662 3614 3876 3719 pluri.

696 3776 840 3854 hoc
898 3775 1274 3855 intellecto
1330 3773 1532 3878 quod
1591 3774 1650 3853 si
1688 3772 1928 3877 aliqua
1981 3799 2296 3877 persona
2351 3771 2756 3852 abstullerit
2812 3771 3031 3852 dictis
3085 3772 3500 3876 pastoribus
3552 3770 3876 3875 aliquam

698 3929 814 4010 uel
869 3931 1146 4036 aliquas
1199 3931 1470 4012 bestias
1526 3959 1614 4011 ex
1672 3930 1888 4009 dictis
1942 3931 2193 4032 bestijs
2248 3931 2354 4011 eis
2401 3930 2591 4009 datis
2645 3929 2737 4008 ad
2795 3927 3364 4008 custodiendum
3404 3946 3476 4007 et
3514 3927 3876 4007 cazauerit

693 4088 873 4169 alias
925 4087 1197 4168 bestias
1250 4086 1569 4167 totidem
1616 4086 1789 4167 loco
1839 4113 2101 4166 eorum
2138 4087 2312 4165 dicti
2349 4104 2683 4189 pastores
2737 4103 3122 4164 teneantur
3161 4111 3284 4163 eas
3320 4083 3690 4163 custodire
3735 4110 3877 4188 pro

695 4245 826 4325 illo
885 4244 1122 4325 loerio
1158 4271 1294 4349 pro
1331 4272 1482 4349 quo
1539 4244 2113 4324 custodiuissent
2167 4242 2345 4322 alias
2382 4243 2652 4322 bestias
2705 4240 2985 4321 ablatas
3022 4240 3115 4321 de
3145 4240 3479 4321 custodia
3538 4242 3870 4345 ipsorum

695 4421 776 4482 ut
831 4402 1113 4482 dictum
1171 4419 1305 4484 est.
1362 4402 1456 4481 Et
1494 4403 1554 4482 si
1592 4400 1853 4506 aliquis
1908 4400 2288 4480 uacharius
2342 4398 2676 4479 mulserit
2712 4398 3031 4479 alienam
3089 4400 3400 4478 uacham
3457 4397 3699 4478 soluat
3734 4425 3874 4502 pro

696 4562 944 4640 banno
1000 4561 1622 4665 quociescumque
1661 4558 1910 4638 fecerit
1949 4556 2234 4638 solidos
2287 4583 2362 4636 v.
2422 4575 2494 4636 et
2549 4555 2872 4662 quelibet
2925 4557 3164 4661 possit
3203 4555 3373 4635 inde
3411 4583 3749 4636 accusare
3797 4574 3871 4634 et

695 4718 761 4796 ei
817 4718 1236 4796 iuramento
1293 4716 1623 4796 credatur
1682 4734 1754 4795 et
1807 4714 2070 4795 habeat
2124 4715 2416 4794 tertiam
2480 4733 2765 4818 partem
2819 4714 3066 4794 banni.
3126 4714 3220 4793 Et
3275 4712 3477 4818 quod
3543 4712 3871 4793 soluatur

695 4874 911 4952 dictis
946 4873 1362 4977 pastoribus
1399 4900 1533 4978 pro
1573 4872 1808 4951 loerio
1847 4870 2206 4951 dictarum
2244 4870 2642 4950 bestiarum
2680 4872 2825 4950 hoc
2865 4869 3126 4950 modo.
3170 4896 3299 4949 seu
3334 4896 3471 4973 pro
3507 4869 3697 4948 troia
3750 4858 3871 4972 ap-

695 5048 1012 5134 pupante
1066 5048 1404 5134 tempore
1461 5027 1795 5108 custodie
1869 5027 2239 5107 dictorum
2293 5047 2675 5132 pastorum
2732 5027 3058 5105 eminam
3116 5052 3341 5105 unam
3396 5025 3741 5129 silliginis
3794 5043 3870 5104 et

695 5214 829 5291 pro
885 5186 1216 5291 quolibet
1271 5183 1420 5266 alio
1475 5186 1757 5290 porcho
1812 5185 2258 5288 quarterium
2315 5183 2449 5292 (2)
2504 5210 2739 5263 unum
2794 5182 3135 5287 silliginis
3174 5200 3247 5262 et
3282 5209 3417 5286 pro
3473 5181 3702 5260 uacha
3747 5208 3869 5286 ap·

695 5363 1011 5451 pupante
1059 5345 1445 5425 sestarium
1500 5370 1733 5423 unum
1790 5340 2133 5445 silliginis
2185 5362 2521 5447 tempore
2579 5341 2771 5421 dicte
2835 5340 3168 5421 custodie
3225 5358 3298 5419 et
3349 5365 3487 5445 pro
3541 5337 3867 5442 qualibet

692 5502 832 5581 alia
885 5501 1118 5581 bestia
1173 5529 1328 5582 non
1385 5518 1796 5606 appupante
1838 5526 1931 5579 eo
1968 5518 2304 5604 tempore
2366 5500 2692 5579 eminam
2747 5524 2972 5577 unam
3029 5495 3394 5600 silliginis.
3453 5496 3596 5574 hoc
3653 5495 3861 5576 intel-
