5117 6834
629 1589 765 1668 355

620 4096 765 4198 356

1012 583 1214 668 perta
1270 563 1484 643 fuerit
1540 563 1733 643 dicta
1788 584 2069 644 aratura
2126 567 2243 645 uel
2301 583 2638 644 cauatura
2697 591 2826 644 seu
2884 566 3502 670 impedimentum
3543 567 3886 647 eamdem
3925 558 4193 672 penam

1015 722 1430 828 substineat·
1475 750 1610 827 pro
1666 722 1989 828 qualibet
2025 725 2186 803 uice
2227 742 2300 803 et
2337 722 2663 829 quelibet
2691 692 3037 827 persona.
3096 725 3189 803 Et
3244 724 3569 828 quelibet
3607 748 3931 829 persona*
3957 727 4194 830 possit

1013 881 1184 960 inde
1241 907 1577 960 accusare
1635 900 1707 961 et
1764 884 1830 960 ei
1893 882 2310 962 iuramento
2366 882 2724 962 credatur.
2785 902 2857 961 et
2912 882 3178 961 habeat
3249 884 3542 962 tertiam
3603 904 3885 987 partem
3942 884 4187 963 banni.

1014 1059 1086 1119 et
1143 1059 1476 1154 teneatur
1531 1041 1832 1144 priuata.

1005 1477 1226 1641 DE
1318 1558 1963 1639 HABENTIBUS
2053 1557 2445 1640 TERRAS
2537 1558 2733 1638 UEL
2825 1555 3549 1637 POSSESSIONES
3639 1556 3826 1637 PER
3917 1558 4180 1637 UIAM

1278 1704 1662 1796 ‘BEALIS
1716 1717 1850 1796 AB
1907 1716 2210 1798 ORTO
2266 1716 2683 1798 HENRICI
2736 1716 2869 1796 DE
2923 1715 3123 1795 AST
3176 1715 3671 1797 SUPERIUS.

1141 1949 1171 2006 ⁴:²²
4129 2006 4138 2013 .

1141 2007 1210 2105 fr
1237 1986 1483 2116 ἅΤΕΜ
1541 2055 1895 2115 statutum
1939 2056 2051 2116 est
2088 2036 2288 2140 quod
2327 2063 2642 2141 persona
2681 2036 2960 2117 habens
3003 2037 3560 2140 possessionem
3599 2035 3717 2115 uel
3757 2054 4026 2116 terram
4063 2062 4192 2140 per

1010 2195 1207 2273 uiam
1268 2192 1493 2273 bealis
1548 2199 1637 2273 ab
1694 2214 1864 2273 orto
1921 2194 2196 2273 henrici
2254 2194 2346 2273 de
2404 2214 2514 2274 ast
2572 2195 2903 2299 superius
2955 2187 3169 2273 ⁴ultra
3255 2193 3459 2275 beale
3522 2221 3755 2300 usque
3810 2194 3903 2274 ad
3958 2194 4191 2275 finem
4296 2272 4300 2276 .

1009 2353 1237 2432 sancti
1294 2351 1536 2431 albani
1592 2371 1927 2432 teneatur
1986 2372 2059 2433 et
2111 2371 2355 2457 aptare
2414 2370 2488 2432 et
2541 2370 2794 2433 tenere
2853 2371 3249 2457 strepatam
3307 2370 3382 2432 et
3435 2372 3759 2457 aptatam
3799 2354 4002 2433 uiam
4058 2382 4190 2459 pu-

1006 2510 1273 2590 blicam
1329 2512 1529 2590 iuxta
1583 2513 2140 2617 possessionem
2198 2539 2432 2591 suam.
2492 2475 2576 2591 et
2622 2530 2978 2616 quantum
3064 2511 3480 2591 extenditur
3562 2511 3756 2591 dicta
3811 2514 4187 2616 possessio

1008 2671 1185 2748 eius.
1247 2670 1347 2749 ita
1402 2669 1603 2774 quod
1664 2671 1756 2748 sit
1811 2690 1976 2774 apta
2034 2689 2105 2750 et
2164 2688 2479 2775 strepata
2536 2669 2946 2750 secundum
2974 2670 3203 2774 ‚quod
3260 2670 3764 2750 ordinauerint
3821 2691 3893 2750 et
3948 2697 4191 2775 prece-

1002 2829 1243 2932 perint
1298 2827 1451 2907 duo
1508 2829 1835 2907 massarii
1876 2827 1966 2906 ad
2006 2828 2151 2908 hoc
2192 2827 2407 2907 electi
2448 2827 2600 2907 ¹sub
2656 2855 2844 2933 pena
2885 2826 3300 2908 solidorum
3359 2855 3434 2908 111
3489 2856 3624 2932 pro
3663 2828 3988 2933 qualibet
4035 2855 4191 2934 per-

1005 3012 1188 3065 sona
1243 2987 1547 3089 quocies
1611 2984 2140 3066 contrafecerit.
2209 3014 2351 3091 qua
2404 3013 2594 3091 pena
2660 2985 2900 3067 soluta
2962 2985 3495 3066 nichilominus
3556 3005 3890 3066 teneatur
3954 2988 4205 3086 facere,

1004 3162 1077 3223 et
1131 3143 1521 3223 obseruare
1574 3143 1921 3248 predicta.
1981 3171 2172 3248 quos
2227 3146 2626 3225 massarios
2706 3143 3068 3225 dominus
3148 3163 3479 3249 potestas
3562 3163 3897 3225 teneatur
3954 3144 4186 3225 facere

1004 3301 1180 3407 eligi
1219 3301 1401 3383 infra
1441 3329 1779 3383 mensem
1817 3329 2051 3383 unum
2107 3322 2504 3407 postquam
2563 3303 2904 3383 iurauerit
2941 3303 3279 3408 regimen
3318 3275 3808 3383 baennamm.
3842 3321 3915 3384 et
3954 3302 4185 3384 facere

1002 3462 1230 3566 aptari
1287 3481 1361 3542 et
1415 3462 1476 3541 si
1533 3460 1806 3541 dictam
1861 3462 2064 3541 uiam
2120 3480 2193 3540 et
2247 3462 2709 3541 manuteneri
2767 3480 2848 3540 ut
2902 3461 3183 3541 dictum
3224 3479 3358 3542 est.
3407 3452 3758 3542 'videlicet
3795 3461 3888 3541 de
3925 3487 4183 3542 mense
4291 3466 4296 3471 ’

1004 3619 1253 3699 madii.

1004 3999 1223 4165 DE
1279 4076 1754 4157 FossATo
1810 4075 2334 4157 FACIENDo
2390 4076 2578 4157 PER
2635 4076 2898 4157 VIAM
2953 4077 3232 4156 PoDss
3269 4080 3342 4157 A
3380 4079 3793 4161 STRATA
3830 4083 4171 4178 USQUE

1316 4238 1457 4316 AD
1515 4236 1901 4317 UOTAM
1943 4238 2121 4358 un}
2180 4236 2476 4317 PODII.

1153 4469 1207 4552 r¹³²
1239 4477 1312 4555 Ψ
3385 4528 3393 4537 ’

1141 4573 1208 4639 {⁴⁵³³
1321 4591 1476 4645 TEM
1532 4582 1887 4644 statutum
1945 4584 2056 4644 est
2112 4564 2314 4669 quod
2354 4564 2678 4668 quelibet
2707 4590 3022 4669 persona
3061 4566 3340 4644 habens
3394 4584 3662 4645 terram
3702 4566 3822 4645 uel
3858 4564 4179 4670 aliquam

1001 4724 1561 4829 possessionem
1618 4723 1838 4803 aliam
1894 4751 2024 4827 per
2080 4723 2276 4803 uiam
2336 4722 2542 4827 podii
2626 4749 2663 4800 a
2751 4741 2971 4801 strata
3053 4749 3284 4828 usque
3339 4722 3430 4802 ad
3488 4731 3743 4803 uotam
3802 4724 3920 4802 uie
3975 4723 4180 4828 podii

1002 4883 1203 4962 iuxta
1262 4882 1538 4963 dictam
1592 4884 1793 4961 uiam
1850 4885 1940 4961 ab
1995 4900 2300 4986 utraque
2339 4901 2539 4986 parte
2589 4883 2707 4960 uie
2745 4881 3068 4985 predicte
3108 4881 3372 4961 debeat
3430 4901 3500 4960 et
3556 4900 3891 4962 teneatur
3947 4881 4180 4962 facere

1000 5068 1235 5121 unum
1293 5039 1653 5121 fossatum
1710 5039 2159 5146 profundum
2215 5040 2447 5119 tribus
2500 5038 2809 5143 pedibus
2866 5058 2938 5118 et
2996 5039 3284 5143 largum
3342 5056 3505 5119 11110r
3566 5059 3921 5144 quantum
3976 5058 4181 5120 tenet

1006 5227 1135 5281 sua
1189 5200 1567 5304 possessio
1622 5226 1855 5305 usque
1910 5199 2002 5279 ad
2061 5199 2346 5279 exitum
2405 5198 2686 5278 mensis
2740 5198 2964 5277 madii
3021 5199 3367 5303 proximi.
3435 5199 3526 5277 Et
3584 5224 3872 5303 semper
3928 5186 4183 5279 manu-

1004 5377 1256 5437 tenere
1312 5356 1593 5438 dictum
1651 5355 2011 5438 fossatum
2049 5376 2129 5436 ut
2168 5357 2453 5437 dictum
2493 5375 2605 5438 est
2645 5356 2779 5436 sub
2816 5383 3006 5460 pena
3063 5355 3478 5437 solidorum
3535 5383 3610 5437 111
3664 5384 3802 5465 pro
3858 5357 4181 5461 qualibet

1003 5542 1318 5621 persona
1356 5541 1498 5621 que
1536 5513 2065 5595 contrafecerit.
2107 5516 2198 5595 Et
2254 5513 2786 5595 nichilominus
2829 5533 3162 5594 teneatur
3200 5512 3433 5595 face're
3472 5515 3752 5595 dictum
3791 5514 4174 5595 fossatum.
