5117 6834
1176 580 1251 678 f·
1415 639 1566 687 an.
1642 564 1792 732 De
1836 645 2035 691 uxore
2080 622 2420 690 decedente
2464 624 2602 690 sine
2647 622 2985 691 heredibus
3033 642 3094 691 et
3143 626 3376 692 marito
3418 625 3762 695 decedente
3819 630 4077 697 uiuente
4121 653 4342 702 uxore.

1638 813 1908 997 Qod
1955 868 2159 956 aliqua
2204 869 2523 956 possessio
2554 890 2687 935 non
2717 870 2920 956 possit
2960 868 3150 937 uendi
3181 889 3314 938 non
3355 868 3631 939 soluenti
3672 871 3927 939 fodrum
3958 876 4028 940 in
4060 873 4341 942 baenniS.

1172 1051 1247 1151 f·
1366 1110 1562 1158 ann.
1641 1060 1792 1182 De
1835 1112 2116 1178 termino
2163 1110 2369 1179 dando
2414 1113 2482 1179 in
2529 1111 3127 1200 condempnatione.

1637 1302 1909 1472 Quod
1956 1357 2224 1445 capitula
2271 1357 2555 1445 legantur
2602 1376 2663 1425 et
2717 1357 3194 1447 uulgalicentur.

1169 1556 1244 1655 f·
1417 1618 1561 1665 va.
1637 1550 1790 1672 De
1839 1605 2301 1670 contestatione
2348 1603 2499 1671 litis,

1170 1809 1245 1908 f.
1349 1866 1565 1912 vam.
1637 1795 1787 1917 De
1833 1847 2458 1935 contraquerentibus
2505 1847 2589 1915 de·
2632 1848 2844 1936 aliquo
2890 1869 3191 1938 precepto
3251 1849 3419 1917 facto
3466 1874 3578 1939 per
3625 1870 4029 1939 potestatem.

1169 2053 1243 2152 f·
1343 2113 1558 2158 Lxxv1.
1632 2037 1905 2207 Qod
1951 2095 2226 2185 quelibet
2271 2117 2542 2183 persona
2587 2118 2710 2183 que
2757 2096 2984 2162 emerit
3031 2096 3306 2185 aliquam
3338 2120 3475 2164 rem
3508 2096 3729 2165 debeat
3761 2098 4012 2166 soluere
4045 2100 4324 2187 pretium

1884 2328 1891 2336 ‚
1972 2258 2039 2322 in
2084 2255 2351 2343 pecunia
2396 2272 2746 2320 numerata.

1633 2444 1783 2565 De
1830 2493 1949 2580 hijs
1995 2494 2105 2580 qui
2149 2490 2380 2558 debent
2429 2491 2740 2559 redimere
2786 2490 3056 2577 pignora
3101 2513 3213 2556 sua
3259 2514 3380 2578 que
3426 2493 3758 2579 posuerint
3787 2495 3868 2559 in
3914 2490 4202 2581 pignore.

1167 2670 1241 2768 f·
1268 2726 1600 2773 Lxxxvml.
1635 2663 1891 2804 (Quod
1963 2729 2125 2767 nemo
2160 2713 2227 2766 de
2265 2714 2482 2767 baennis
2538 2713 2703 2781 possit
2755 2724 2878 2781 tray
2931 2712 2996 2763 ad
3054 2712 3305 2766 iudicium
3361 2727 3508 2768 extra
3559 2714 3810 2793 baennas—
3835 2714 3936 2767 nisi
3972 2713 4040 2768 ἀὲ
4086 2714 4342 2768 ωαηάὴο

1971 2802 2227 2939 domini).

1171 2979 1247 3078 f·
1500 3036 1606 3082 xe·
1633 2980 1944 3117 (Quod
1999 3018 2085 3090 in
2140 3016 2515 3110 capitulis
2569 3015 3096 3109 loquentibus
3152 3019 3250 3090 de
3309 3015 3692 3110 episcopo
3746 2983 3934 3092 loco
3995 3016 4174 3092 eius
4212 2986 4338 3092 in-

1872 3174 2282 3287 telligatur
2329 3173 2669 3248 illustris
2706 3172 3094 3247 dominus
3140 3173 3527 3248 dominus
3565 3174 3940 3268 princeps
3977 3136 4334 3275 achaye)
4442 3260 4447 3264 ⁴

1168 3360 1241 3461 f·
1320 3450 1323 3457 Α
1479 3422 1604 3467 xc1.
1634 3330 1825 3504 (De
1871 3426 2140 3493 persona
2186 3328 2433 3501 citata).

1167 3555 1242 3654 f·
1436 3606 1607 3652 XCIII.
1632 3576 1757 3678 De
1793 3620 2016 3680 quatuor
2051 3609 2373 3678 sapientibus
2409 3624 2565 3678 super
2600 3607 2961 3678 questionibus
2999 3607 3262 3661 sedandis.

1172 3959 1505 4061 Collatio
1551 3997 1757 4057 tertia
1798 3998 2117 4059 videlicet
2161 3998 2245 4058 de
2292 3996 2615 4058 omnibus
2658 3974 3022 4058 maleficiis
3053 3999 3122 4057 et
3153 3996 3649 4057 ordinamentis
3682 3997 4103 4073 eteapitulis
4146 3997 4349 4059 factis

1106 4220 1111 4225 ,
1169 4169 1374 4228 super
1421 4154 1749 4229 predictis
1795 4158 1863 4215 et
1908 4155 2403 4231 pertinentibus
2447 4156 2539 4217 ad
2584 4155 2892 4231 predicta
2935 4153 3302 4216 maleficia.
3347 4158 3424 4232 ut
3468 4153 3649 4215 infra
3692 4134 4102 4223 continetur.

1166 4446 1240 4544 f·
1472 4502 1560 4548 111.
1636 4442 1785 4595 De
1832 4514 2052 4559 accusa
2097 4494 2238 4559 data
2284 4515 2395 4579 per
2441 4491 2829 4579 exemplum.

1638 4669 1787 4790 De
1834 4742 2133 4807 processu
2181 4719 2347 4786 facto
2395 4739 2614 4787 contra
2661 4719 3028 4807 capitulum.

1164 4935 1267 5033 f..
1450 4990 1556 5036 vn.
1638 4915 1787 5036 De
1833 4987 1993 5053 pena
2037 4967 2337 5052 imposita
2386 4964 2864 5033 aranchantibus
2917 4966 3252 5032 terminos,

1164 5181 1238 5280 f.
1400 5238 1554 5283 v1111.
1639 5160 1789 5281 De
1832 5212 2108 5277 termino
2154 5208 2555 5277 defensionis.
2590 5208 2818 5277 dand0.

1637 5401 1787 5522 De
1832 5449 2052 5518 bannis
2100 5451 2590 5538 campariorium
2638 5451 3119 5537 cognoscendis.
