5117 6834
932 742 1029 823 79
1182 625 1587 832 QOD
1669 705 2258 786 LIGNAMINA
2337 705 2956 814 MATERIATA
3037 703 3274 785 NON
3353 703 4148 788 EXTRAHANTUR
4226 705 4363 784 DE

1497 865 1940 957 BAENNIS
1995 892 2093 950 ET
2129 892 2223 948 DE
2261 892 2597 947 unums
2634 890 3030 946 urm-:Anum

1310 1121 1500 1323 ἕξ
1522 1229 1678 1311 TEM
1733 1248 2089 1311 statutum
2148 1249 2259 1309 est
2315 1227 2518 1333 quod
2558 1228 2618 1308 si
2657 1225 2920 1331 aliquis
2975 1226 3262 1305 duxerit
3302 1225 3416 1305 uel
3477 1216 3745 1329 portari
3805 1223 4052 1303 fecerit
4090 1224 4388 1328 aliquod

1201 1390 1584 1495 lignamen
1624 1387 1742 1468 uel
1780 1388 2188 1492 lignamina
2243 1386 2483 1490 aliqua
2540 1385 2919 1463 materiata
2975 1384 3094 1463 uel
3150 1385 3550 1462 formatum
3607 1381 3726 1461 uel
3778 1408 3931 1460 non
3988 1380 4389 1461 formatum

1203 1549 1298 1628 de
1359 1548 1682 1627 baennis.
1743 1545 1860 1625 uel
1930 1544 2078 1624 fine
2145 1543 2596 1629 baennarum
2662 1560 2920 1621 natum
2993 1542 3069 1620 in
3132 1541 3404 1621 finibus
3468 1541 3642 1619 dicti
3711 1539 3880 1619 loci.
3950 1539 4190 1620 soluat
4255 1567 4389 1645 pro

1204 1733 1394 1810 pena
1451 1705 1756 1808 quocies
1810 1703 2059 1781 lecerit
2114 1729 2248 1806 pro
2305 1699 2638 1805 quolibet
2695 1726 2903 1778 curru
2960 1697 3078 1778 uel
3136 1725 3429 1777 carruso
3488 1697 3773 1777 solidos
3827 1724 3949 1778 Lx.
3990 1698 4083 1778 Et
4131 1700 4192 1777 si
4230 1726 4392 1802 por-

1205 1863 1471 1942 tauerit
1529 1888 1741 1966 super
1798 1887 1992 1964 equo
2057 1857 2175 1938 uel
2242 1857 2451 1937 mulo
2519 1855 2805 1938 solidos
2868 1883 2943 1937 Χ.
3004 1875 3077 1936 et
3142 1884 3276 1964 pro
3333 1855 3663 1960 quolibet
3728 1856 3941 1936 asino
4006 1855 4123 1934 uel
4189 1857 4391 1936 asina

1209 2019 1500 2101 solidos
1538 2046 1637 2098 VI.
1680 2037 1752 2097 et
1793 2018 1852 2097 si
1892 2017 2155 2121 aliquis
2192 2015 2593 2122 portauerit
2651 2021 2864 2120 super
2921 2014 3227 2095 dorsum
3284 2014 3569 2094 solidos
3606 2042 3679 2094 v.
3721 2015 3862 2093 nisi
3902 2033 4095 2093 esset
4132 2013 4393 2118 aliquis

1210 2198 1602 2258 extraneus
1657 2177 1779 2281 qui
1837 2177 2135 2255 haberet
2192 2200 2483 2254 currum
2550 2177 2858 2253 tractum
2915 2174 3037 2277 qui
3103 2174 3338 2277 possit
3394 2171 3626 2251 facere
3702 2172 3944 2276 ipsum
4017 2174 4242 2276 aptari
4301 2171 4392 2250 de

1213 2336 1623 2440 lignamine
1681 2333 1856 2413 dicti
1916 2333 2085 2412 loci.
2146 2351 2218 2412 et
2273 2334 2516 2437 ipsum
2574 2330 2666 2410 ad
2724 2357 2932 2409 suam
2999 2330 3264 2409 ducere
3329 2330 3815 2409 uoluntatem.
3875 2348 3949 2409 et
4005 2332 4140 2411 nisi
4202 2350 4395 2412 esset

1212 2494 1477 2598 aliquis
1533 2492 1624 2572 de
1665 2492 1970 2571 baennis
2008 2492 2132 2595 qui
2173 2491 2584 2569 extraheret
2640 2516 2933 2567 currum
2987 2488 3365 2567 tabernam
3405 2487 3537 2595 (2)
3578 2488 3695 2567 uel
3733 2488 3871 2567 alia
3911 2489 4394 2569 instrumenta

1214 2652 1354 2732 sibi
1409 2641 1855 2730 neccessaria
1913 2648 2004 2727 de
2076 2649 2339 2752 quibus
2410 2645 2699 2725 nullum
2764 2649 3091 2725 bannum
3166 2647 3590 2725 substineat.
3658 2664 3730 2725 et
3785 2646 3930 2726 hoc
3996 2647 4402 2751 capitulum⁴

1214 2810 1310 2889 sit
1364 2807 1456 2887 ad
1513 2807 1975 2886 uoluntatem
2034 2807 2264 2885 totius
2319 2803 2676 2895 conscilii.
2727 2804 2846 2883 uel
2902 2804 3204 2883 maioris
3257 2804 3480 2907 partis
3536 2830 3748 2907 super
3809 2797 4047 2883 danda
4105 2803 4394 2884 licentia

1213 2967 1591 3071 potestati.
1650 2964 1852 3068 quod
1894 2963 2329 3043 conscilium
2387 2990 2542 3041 non
2598 2963 2835 3065 possit
2890 2987 3026 3040 nec
3083 2960 3346 3039 debeat
3401 2960 3631 3039 facere
3686 2959 3980 3065 pulsari.
4022 2962 4161 3040 nisi
4198 2963 4397 3066 prius

1214 3121 1432 3202 fuerit
1507 3121 1678 3201 inde
1750 3121 2140 3225 requisitus
2194 3148 2236 3199 a
2291 3147 2342 3199 x
2397 3118 2830 3199 hominibus
2884 3117 2976 3205 de
3046 3116 3428 3197 conscilio.
3497 3137 3568 3197 et
3624 3136 3797 3197 tunc
3861 3138 4194 3198 teneatur
4255 3131 4397 3223 po-

1215 3296 1444 3360 testas
1499 3280 1731 3357 {acere
1788 3277 2070 3356 dictum
2126 3274 2588 3356 conscilium.
2647 3294 2719 3353 et
2772 3275 2831 3353 si
2886 3274 3148 3377 aliquis
3202 3272 3487 3353 duxerit
3543 3273 3842 3378 aliquod
3900 3273 4279 3378 lignamen
4318 3276 4393 3354 in

1216 3436 1392 3515 uilla
1447 3439 1900 3514 baennarum
1958 3433 2160 3550 quod
2215 3459 2370 3512 non
2428 3433 2520 3512 sit
2568 3431 2661 3511 de
2716 3431 2864 3512 fine
2921 3431 3370 3511 baennarum
3425 3433 3660 3536 possit
3716 3433 3959 3536 ipsum
4016 3433 4393 3513 extrahere

1215 3591 1530 3672 iurando
1589 3593 1736 3672 hoc
1791 3590 2072 3671 fecisse.
2129 3606 2368 3694 preter
2432 3587 2728 3668 liaturas
2794 3589 3113 3668 tinarum
3170 3606 3242 3667 et
3297 3590 3787 3668 carreriarum.
3847 3606 3921 3669 et
3984 3589 4184 3693 quod
4243 3591 4395 3695 qui-

1216 3748 1393 3829 libet
1449 3749 1687 3854 possit
1742 3771 2078 3827 accusare
2137 3764 2210 3826 et
2263 3763 2596 3850 potestas
2650 3745 2887 3850 possit
2944 3745 3329 3849 inquirere.
3387 3783 3441 3825 et
3464 3772 3554 3843 qut
3579 3773 3863 3827 extraxerit
3896 3774 4080 3828 salices
4117 3773 4395 3844 uel*1iga-

1215 3927 1360 3970 turas
1385 3932 1449 3970 ex
1477 3915 1695 3969 baennis
1732 3914 1908 3968 soluat
1931 3930 2026 3985 pro
2051 3930 2185 3984 pena
2223 3912 2422 3967 solidos
2446 3928 2518 3967 Lx
2543 3912 2799 3966 soluenda
2824 3912 2891 3966 de
2917 3912 3144 3981 presenti
3168 3911 3270 3965 nisi
3294 3912 3508 3966 haberet
3544 3912 3813 3966 licentiam
3836 3930 3868 3966 a
3892 3912 4114 3967 domino
4139 3921 4396 3983 potestate

1217 4067 1274 4109 et
1309 4057 1399 4127 qui
1435 4056 1748 4110 scaluauerit
1785 4055 1969 4110 salices
2006 4054 2090 4108 uel
2127 4071 2310 4125 gurras
2347 4054 2545 4108 alienas
2582 4053 2638 4107 in
2675 4035 2844 4106 uineis
2890 4052 3106 4106 alicuius
3156 4052 3533 4122 particulariter
3577 4054 3748 4108 soluat
3782 4053 3981 4108 solidos
4018 4070 4089 4109 Lx
4127 4071 4222 4124 pro
4259 4070 4393 4124 pena

1217 4207 1274 4249 et
1310 4196 1535 4250 totidem
1573 4213 1667 4267 pro
1704 4196 1928 4250 emenda
1965 4208 2018 4250 et
2054 4212 2148 4265 pro
2184 4195 2420 4267 qualibet
2452 4195 2820 4264 exportatione
2856 4193 3028 4248 salicis
3065 4194 3150 4247 uel
3186 4211 3340 4264 gurre
3379 4204 3431 4248 et
3467 4211 3561 4264 pro
3599 4193 3830 4266 qualibet
3864 4194 4088 4266 ligatura
4124 4195 4321 4250 solidos
4355 4212 4394 4251 11

1214 4347 1271 4391 et
1305 4337 1529 4391 totidem
1567 4354 1662 4407 pro
1700 4337 1941 4390 emenda.
1979 4338 2064 4407 (3)

953 4791 1054 4868 80
1172 4698 1398 4864 DE
1449 4776 1688 4859 NON
1741 4778 2121 4858 DANDIS
2174 4776 2681 4856 OXIDIBUS.

1315 5069 1377 5189 [³5.ss
1436 5084 1441 5095 ἆ
1530 5127 1686 5182 TEM
1740 5118 2071 5181 teneatur
2142 5119 2472 5205 potestas
2538 5127 2674 5180 suo
2746 5125 2966 5203 posse
3040 5098 3457 5180 deffendere
3528 5125 3846 5179 comune
3913 5118 3986 5178 et
4039 5099 4388 5180 homines

1207 5262 1661 5339 baennarum
1716 5285 1810 5338 ne
1866 5257 2043 5337 dent
2100 5256 2361 5337 oxides
2415 5284 2550 5362 pro
2608 5257 2906 5336 comuni
2973 5283 3108 5336 nec
3180 5284 3316 5361 pro
3372 5257 3612 5337 diuiso
3641 5258 3684 5297 ’θ
3712 5256 3846 5364 (4)
3902 5275 3975 5337 et
4028 5256 4174 5336 hoc
4229 5282 4384 5335 non

1204 5417 1443 5521 possit
1498 5417 1865 5496 remoueri
1923 5415 2081 5496 ullo
2137 5415 2374 5495 modo
2431 5442 2567 5495 nec
2621 5433 2951 5519 potestas
3003 5416 3238 5519 possit
3295 5416 3385 5495 de
3440 5415 3787 5520 predictis
3839 5414 4157 5519 recipere
4215 5438 4387 5492 con·

1209 5573 1503 5653 scilium
1561 5600 1695 5653 nec
1751 5600 2027 5679 ponere
2086 5575 2161 5653 in
2218 5573 2576 5653 conscilio
2633 5573 2882 5677 aliquo
2939 5571 3199 5652 modo,
