5117 6834
2116 320 2423 423 XIIII

693 622 984 694 credatur
1028 636 1091 688 et
1135 616 1358 684 habeat
1403 616 1657 683 tertiam
1706 632 1949 704 partem
1996 614 2186 683 banni
2231 633 2296 682 et
2341 633 2620 705 potestas
2687 617 3004 703 inquirere
3052 609 3253 704 possit
3299 616 3375 684 ad
3421 642 3600 689 suam
3646 624 3869 693 uolun-

692 799 912 850 tatem.

323 1236 425 1314 68
680 1138 1088 1348 QJOD
1153 1219 1512 1303 POSSIT
1561 1219 1674 1300 IN
1728 1216 2160 1315 BOSCHIS
2228 1215 2438 1300 PRO
2509 1212 3027 1295 APTANDIS
3094 1209 3859 1294 INSTRUMENTIS

993 1378 1374 1462 BOUUM
1436 1376 1867 1460 FRACTIS
1928 1372 2269 1495 INQIDI.

805 1622 994 1825 ΞΕ
1018 1748 1174 1804 TEM
1215 1742 1574 1804 statutum
1621 1723 1984 1828 estquod
2032 1723 2357 1829 quelibet
2403 1751 2719 1828 persona
2775 1726 2891 1806 cui
2947 1724 3400 1830 stangeretur
3456 1754 3705 1807 currus
3750 1727 3866 1806 uel

690 1881 1006 1987 plouum
1062 1880 1197 1989 (1)
1252 1880 1374 1963 uel
1428 1880 1625 1960 aliud
1684 1882 2216 1963 massarezium
2297 1882 2586 1962 bouum
2649 1884 2851 1963 iuxta
2905 1882 3146 1989 aliqua
3201 1911 3509 1964 nemora
3569 1886 3863 1965 bannita

691 2039 815 2120 uel
870 2039 1101 2120 iurata
1155 2040 1248 2120 de
1303 2039 1453 2120 fine
1508 2039 1704 2144 lequi
1743 2039 1879 2148 (2)
1934 2059 2142 2154 coste
2198 2067 2474 2144 magne
2529 2040 2653 2121 uel
2708 2042 3159 2123 baennarum
3214 2070 3355 2147 que
3412 2070 3568 2123 non
3608 2044 3703 2123 sit
3740 2042 3869 2123 do·-

691 2198 876 2278 mini
934 2198 1259 2303 episcopi
1315 2196 1452 2305 (3)
1508 2195 1629 2278 uel
1685 2196 1993 2277 ecclesie
2054 2199 2502 2277 baennarum
2585 2200 2824 2302 possit
2895 2225 3150 2303 capere
3205 2200 3283 2278 in
3339 2201 3517 2304 ipsis
3572 2199 3870 2281 boschis

691 2355 998 2459 impune
1055 2373 1128 2434 et
1183 2356 1340 2434 sine
1396 2354 1645 2435 banno
1702 2373 1775 2433 et
1830 2354 2153 2435 incidere
2210 2356 2467 2434 omnia
2523 2354 2933 2459 lignamina
2987 2384 3122 2460 pro
3178 2356 3380 2436 dicto
3420 2359 3868 2437 massarezio

691 2511 1017 2617 aptando
1072 2510 1352 2592 ibidem
1409 2530 1482 2591 et
1538 2512 1871 2592 credatur
1925 2512 2279 2592 incidenti
2337 2540 2475 2592 suo
2534 2532 2996 2594 sacramento
3052 2514 3145 2594 de
3200 2494 3568 2618 predictis.

322 2993 421 3088 69
671 2898 896 3064 DE
948 2975 1386 3059 EMENDA
1439 2972 1979 3058 NEMORUM
2031 2969 2675 3054 ALIENORUM.

812 3299 872 3426 ’ἒ
904 3319 966 3433 ἐξ
1011 3378 1168 3433 TEM
1196 3372 1550 3434 statutum
1581 3373 1693 3433 est
1721 3351 1922 3457 quod
1951 3371 2281 3456 potestas
2308 3368 2644 3432 teneatur
2671 3351 2904 3433 facere
2935 3352 3087 3432 dari
3125 3352 3270 3434 illis
3296 3355 3422 3459 qui
3460 3354 3863 3459 dampnum

693 3508 999 3590 fecerint
1053 3510 1131 3590 in
1185 3509 1444 3590 alienis
1498 3508 1798 3590 boschis
1851 3529 2142 3590 tantum
2195 3536 2332 3614 pro
2388 3509 2705 3589 emenda
2758 3528 3119 3615 quantum
3173 3508 3387 3592 fuerit
3451 3511 3862 3617 dampnum

691 3665 798 3745 illi
828 3667 945 3746 cui
976 3666 1385 3772 dampnum
1421 3666 1696 3747 factum
1724 3665 1938 3748 fuerit
1977 3668 2037 3746 si
2075 3666 2352 3746 dictam
2381 3665 2780 3747 emendam
2836 3665 3101 3747 habere
3156 3666 3498 3748 uoluerit.
3540 3687 3613 3748 et
3649 3688 3860 3749 tanto

690 3822 856 3928 plus
874 3833 1153 3928 quanto
1182 3823 1592 3929 dampnum
1621 3825 1861 3905 maius
1877 3842 2071 3904 esset
2094 3827 2363 3903 banno,
2388 3842 2466 3909 Et
2495 3841 2668 3909 idem
2693 3841 3076 3930 intelligatur
3097 3859 3403 3930 quantum
3427 3842 3506 3909 ad
3529 3842 3861 3910 emendam

688 3995 767 4064 de
814 3998 1113 4065 omnibus
1160 3998 1296 4066 aliis
1341 3998 1652 4086 dampnis.

333 4446 434 4525 70
666 4336 1073 4544 QOD
1137 4415 1673 4499 CUSTODES
1744 4417 2093 4499 OUIUM
2162 4417 2402 4501 NON
2471 4416 2975 4500 PORTENT
3054 4418 3382 4500 APIAM
3435 4419 3640 4502 NEC
3694 4421 3837 4501 SE-

979 4593 1327 4677 CURIM.

789 4826 978 5030 Q
1007 4952 1165 5009 TEM
1194 4947 1550 5040 statutum
1579 4945 1690 5007 est
1719 4926 1922 5031 quod
1953 4945 2206 5007 custos
2232 4926 2494 5006 ouium
2514 4943 2588 5005 et
2616 4951 2996 5029 caprarum
3023 4925 3149 5029 qui
3177 4924 3579 5029 portauerit
3607 4949 3859 5003 secum

689 5086 1094 5166 maneriam
1150 5084 1286 5193 (4)
1343 5086 1586 5189 apiam
1642 5082 1763 5164 uel
1820 5084 2136 5164 securim
2210 5082 2329 5163 uel
2403 5081 2602 5163 aliud
2685 5081 2958 5162 ferrum
3013 5081 3105 5161 de
3161 5107 3312 5186 quo
3367 5080 3605 5185 possit
3680 5105 3863 5159 scar-

688 5269 858 5323 uare
914 5241 1049 5350 (5)
1105 5241 1348 5324 soluat
1402 5268 1538 5347 pro
1592 5223 1782 5346 pena
1837 5241 2513 5347 quocienscumque
2571 5237 3079 5320 contrafecerit
3135 5236 3424 5318 solidos
3469 5262 3549 5318 111
3584 5237 3780 5316 curie
3818 5263 3860 5315 a

690 5399 881 5482 festo
948 5401 1179 5480 sancti
1228 5401 1525 5481 martini
1571 5426 1802 5504 usque
1865 5424 2106 5503 pasca.
2163 5416 2475 5501 excepto
2548 5396 2825 5477 cutello
2875 5396 2969 5477 de
3026 5396 3295 5499 uagina
3343 5420 3566 5499 quem
3623 5394 3860 5498 possit

690 5576 979 5662 portare
1035 5558 1127 5638 ad
1185 5584 1394 5637 suam
1451 5556 1943 5637 uoluntatem.
2003 5574 2077 5634 et
2134 5556 2356 5635 etiam
2414 5556 2493 5634 in
2546 5553 2844 5634 defexio
2899 5553 3034 5660 (6)
3096 5572 3428 5657 pastores
3482 5577 3858 5655 caprarum
