5117 6834
1165 570 1240 670 f·
1433 619 1559 676 in.
1637 558 1785 721 De
1829 608 2048 676 bestiis
2096 607 2350 676 bouinis
2396 630 2528 676 non
2576 606 2952 676 habentibus
3001 628 3239 675 cornua
3285 622 3562 674 scurzata
3606 602 4070 673 offendentibus
4116 601 4292 670 alias.

1163 817 1238 917 f·
1408 873 1555 922 an.
1636 804 1787 968 De
1830 855 2188 971 iuramento
2232 854 2702 942 campariorum
2748 855 3101 922 uinearum.

1163 1063 1238 1163 f·
1385 1120 1551 1168 wa.
1630 1048 1781 1213 Ee
1825 1122 1950 1167 oue
1996 1117 2058 1167 et
2104 1121 2291 1189 capra
2336 1100 2618 1167 inuentis
2664 1099 2732 1165 in
2777 1045 2987 1167 aliene
3032 1097 3335 1185 dampno.

1631 1295 1782 1457 De
1827 1366 2011 1435 capra
2057 1361 2121 1413 et
2166 1344 2306 1412 aliis
2353 1342 2570 1412 bestiis
2615 1346 2893 1413 inuentis
2939 1346 3007 1411 in
3053 1343 3270 1412 alienis
3318 1344 3543 1412 uineis.

1161 1551 1237 1651 f·
1367 1583 1556 1654 vanss
1639 1540 1786 1700 De
1831 1614 1962 1660 non
2007 1591 2284 1660 tenendo
2329 1590 2563 1658 bestias
2609 1589 2947 1678 porchinas
2980 1590 3059 1658 ad
3087 1590 3420 1658 iacendum
3451 1608 3625 1659 extra
3656 1588 3877 1656 uillam
3909 1587 4322 1656 baennarum.

1161 1797 1237 1896 f.
1341 1852 1551 1900 Lxxm.
1637 1785 1786 1947 De
1828 1837 2179 1926 porcheriis
2230 1854 2291 1903 et
2339 1835 2654 1904 vacheriis
2699 1836 3016 1903 comunis.

1160 2042 1236 2143 f·
1317 2099 1549 2155 Lxxvu.
1628 2027 1903 2213 Qod
1949 2082 2251 2169 camparii
2299 2079 2689 2148 baennarum
2736 2095 3066 2147 teneantur
3111 2079 3361 2148 soluere
3405 2100 3631 2147 corum
3677 2079 4002 2147 emendas.

1172 2562 1505 2664 collatio
1552 2602 1752 2660 sexta
1794 2597 2112 2661 videlicet
2156 2600 2241 2662 de
2289 2598 2614 2660 omnibus
2658 2597 2873 2675 pratis
2917 2602 2987 2661 et
3029 2599 3251 2662 vineis
3297 2603 3365 2660 et
3408 2601 3493 2663 de
3544 2600 3876 2663 omnibus
3922 2601 4243 2678 capitulis
4282 2607 4350 2663 et

1159 2738 1656 2801 ordinamentis
1702 2740 1793 2801 ad
1842 2739 2150 2814 predicta
2192 2738 2696 2816 pertinentibus
2742 2743 2819 2802 ut
2864 2739 3048 2802 intra
3095 2738 3505 2804 continetur.

1156 3076 1232 3176 f·
1373 3131 1551 3179 xvm.
1635 3065 1784 3187 De
1832 3114 2131 3182 conzeliis
2178 3135 2310 3182 non
2357 3111 2680 3180 faciendis,

1158 3321 1233 3421 f·
1359 3378 1553 3425 xxnn.
1636 3308 1910 3491 Qod
1955 3358 2340 3427 laboratores
2385 3356 2583 3424 nichil
2612 3373 2868 3447 portent
2912 3354 2993 3424 de
3040 3356 3265 3424 vineis,

1634 3553 1907 3723 Quod
1953 3606 2159 3695 aliqua
2203 3626 2476 3694 persona
2520 3625 2656 3670 non
2700 3604 2906 3691 capiat
2972 3621 3320 3671 sarmentas
3366 3627 3485 3672 nec
3531 3605 3738 3696 aliqua
3804 3607 3972 3696 ligna
4018 3610 4087 3688 in
4131 3612 4338 3679 vineis

1965 3773 2204 3840 alienis.

1632 3962 1784 4084 De
1829 4010 1976 4077 feno
2022 4031 2155 4077 non
2200 4002 2591 4075 extrahendo
2637 4021 2812 4071 extra
2857 4002 3055 4071 finem
3105 4003 3512 4076 baennarum.

1159 4231 1234 4330 f.
1405 4287 1551 4332 xxv.
1627 4208 1784 4382 Pe
1826 4280 1961 4326 non
2006 4256 2216 4325 eundo
2261 4279 2374 4346 per
2418 4257 2697 4326 alienum
2743 4275 2996 4348 pratum
3027 4259 3312 4326 antinum
3359 4275 3577 4325 ortum
3623 4275 3686 4323 et
3728 4257 3988 4322 vineam
4035 4253 4335 4320 alienam.

1159 4478 1234 4578 f·
1379 4533 1551 4579 xxv1.
1634 4454 1784 4628 Pe
1832 4503 2046 4594 bropis
2093 4525 2227 4570 non
2273 4501 2669 4570 aufferendis.

1632 4700 1784 4871 Pe
1830 4749 2068 4819 canabo
2098 4748 2422 4817 saluando.

1631 4944 1782 5117 Ee
1828 4993 2119 5062 euntibus
2166 5015 2284 5081 pro
2331 4992 2662 5082 magloriis
2707 4995 2775 5060 in
2820 4943 3041 5059 alienis
3086 4992 3314 5058 uineis.

1632 5190 1782 5360 Ee
1827 5239 2067 5307 liaturis
2112 5240 2445 5306 uinearum
2491 5260 2626 5306 non
2671 5237 3011 5328 capiendis,

1159 5453 1234 5552 f.
1359 5509 1552 5557 xxvn.
1630 5435 1781 5605 pf
1827 5507 2175 5575 cauezagna
2221 5484 2525 5553 facienda.
