<?xml version="1.0" encoding="UTF-8"?>
<!DOCTYPE html PUBLIC "-//W3C//DTD XHTML 1.0 Transitional//EN"
    "http://www.w3.org/TR/xhtml1/DTD/xhtml1-transitional.dtd">
<html xmlns="http://www.w3.org/1999/xhtml" xml:lang="en" lang="en">
 <head>
  <title>
</title>
<meta http-equiv="Content-Type" content="text/html;charset=utf-8" />
  <meta name='ocr-system' content='tesseract 3.04.00' />
  <meta name='ocr-capabilities' content='ocr_page ocr_carea ocr_par ocr_line ocrx_word'/>
</head>
<body>
  <div class='ocr_page' id='page_1' title='image "./capitulaetstatu00unkngoog_0128.png"; bbox 0 0 5117 6834; ppageno 0'>
   <div class='ocr_carea' id='block_1_1' title="bbox 770 696 4365 1046">
    <p class='ocr_par' dir='ltr' id='par_1_1' title="bbox 770 696 4365 1046">
     <span class='ocr_line' id='line_1_1' title="bbox 770 696 4365 914; baseline -0.003 -49"><span class='ocrx_word' id='word_1_1' title='bbox 770 809 820 865; x_wconf 86' lang='lat'>2</span> <span class='ocrx_word' id='word_1_2' title='bbox 836 811 867 866; x_wconf 94' lang='lat'>1</span> <span class='ocrx_word' id='word_1_3' title='bbox 884 811 925 890; x_wconf 91' lang='lat'><strong>7</strong></span> <span class='ocrx_word' id='word_1_4' title='bbox 1153 696 1377 866; x_wconf 81' lang='lat' dir='ltr'><strong>DE</strong></span> <span class='ocrx_word' id='word_1_5' title='bbox 1452 775 1946 863; x_wconf 73' lang='lat' dir='ltr'><strong>PERsoms</strong></span> <span class='ocrx_word' id='word_1_6' title='bbox 2023 773 2609 862; x_wconf 79' lang='lat' dir='ltr'>EXTRANEIS</span> <span class='ocrx_word' id='word_1_7' title='bbox 2686 772 2965 860; x_wconf 81' lang='lat' dir='ltr'>DARE</span> <span class='ocrx_word' id='word_1_8' title='bbox 3041 768 3683 914; x_wconf 73' lang='lat' dir='ltr'><strong>DEBENTIBUS</strong></span> <span class='ocrx_word' id='word_1_9' title='bbox 3722 834 3728 839; x_wconf 92' lang='lat'><strong><em>.</em></strong></span> <span class='ocrx_word' id='word_1_10' title='bbox 3763 766 4110 854; x_wconf 78' lang='lat' dir='ltr'><strong>Auem</strong></span> <span class='ocrx_word' id='word_1_11' title='bbox 4195 750 4365 854; x_wconf 72' lang='lat' dir='ltr'><strong>DE·</strong></span> 
     </span>
     <span class='ocr_line' id='line_1_2' title="bbox 1464 933 2136 1046; baseline 0 -27"><span class='ocrx_word' id='word_1_12' title='bbox 1464 933 1932 1020; x_wconf 86' lang='lat' dir='ltr'>BAENNIS.</span> <span class='ocrx_word' id='word_1_13' title='bbox 2004 941 2136 1046; x_wconf 82' lang='lat'><strong>(3)</strong></span> 
     </span>
    </p>
   </div>
   <div class='ocr_carea' id='block_1_2' title="bbox 1111 1150 4359 2464">
    <p class='ocr_par' dir='ltr' id='par_1_2' title="bbox 1111 1150 4359 2464">
     <span class='ocr_line' id='line_1_3' title="bbox 1280 1150 4353 1359; baseline -0.002 -25"><span class='ocrx_word' id='word_1_14' title='bbox 1280 1150 1644 1359; x_wconf 56' lang='lat' dir='ltr'><strong>ffl‘rmu</strong></span> <span class='ocrx_word' id='word_1_15' title='bbox 1723 1272 2081 1334; x_wconf 89' lang='lat' dir='ltr'><strong>statutum</strong></span> <span class='ocrx_word' id='word_1_16' title='bbox 2138 1274 2249 1333; x_wconf 90' lang='lat' dir='ltr'><strong>est</strong></span> <span class='ocrx_word' id='word_1_17' title='bbox 2304 1254 2506 1358; x_wconf 93' lang='lat' dir='ltr'><strong>quod</strong></span> <span class='ocrx_word' id='word_1_18' title='bbox 2591 1255 2648 1335; x_wconf 93' lang='lat' dir='ltr'><strong>si</strong></span> <span class='ocrx_word' id='word_1_19' title='bbox 2733 1253 2975 1359; x_wconf 91' lang='lat' dir='ltr'><strong>aliqua</strong></span> <span class='ocrx_word' id='word_1_20' title='bbox 3055 1280 3372 1359; x_wconf 91' lang='lat' dir='ltr'><strong>persona</strong></span> <span class='ocrx_word' id='word_1_21' title='bbox 3446 1271 3789 1333; x_wconf 83' lang='lat' dir='ltr'><strong>extranea</strong></span> <span class='ocrx_word' id='word_1_22' title='bbox 3845 1252 4016 1333; x_wconf 92' lang='lat' dir='ltr'><strong>dare</strong></span> <span class='ocrx_word' id='word_1_23' title='bbox 4072 1250 4353 1331; x_wconf 91' lang='lat' dir='ltr'><strong>debens</strong></span> 
     </span>
     <span class='ocr_line' id='line_1_4' title="bbox 1111 1407 4355 1534; baseline -0.001 -43"><span class='ocrx_word' id='word_1_24' title='bbox 1111 1470 1142 1534; x_wconf 80' lang='lat'><strong>.&#39;</strong></span> <span class='ocrx_word' id='word_1_25' title='bbox 1170 1411 1471 1516; x_wconf 86' lang='lat' dir='ltr'>aliquod</span> <span class='ocrx_word' id='word_1_26' title='bbox 1529 1410 1864 1491; x_wconf 90' lang='lat' dir='ltr'><strong>debitum</strong></span> <span class='ocrx_word' id='word_1_27' title='bbox 1919 1410 2135 1490; x_wconf 90' lang='lat' dir='ltr'><strong>alicui</strong></span> <span class='ocrx_word' id='word_1_28' title='bbox 2189 1438 2507 1516; x_wconf 87' lang='lat' dir='ltr'><strong>persone</strong></span> <span class='ocrx_word' id='word_1_29' title='bbox 2565 1410 2657 1491; x_wconf 90' lang='lat' dir='ltr'><strong>de</strong></span> <span class='ocrx_word' id='word_1_30' title='bbox 2714 1412 3021 1492; x_wconf 88' lang='lat' dir='ltr'><strong>baennis</strong></span> <span class='ocrx_word' id='word_1_31' title='bbox 3073 1430 3357 1516; x_wconf 90' lang='lat' dir='ltr'><strong>reperta</strong></span> <span class='ocrx_word' id='word_1_32' title='bbox 3410 1410 3626 1490; x_wconf 84' lang='lat' dir='ltr'><strong>fuerit</strong></span> <span class='ocrx_word' id='word_1_33' title='bbox 3680 1411 3757 1491; x_wconf 92' lang='lat' dir='ltr'><strong>in</strong></span> <span class='ocrx_word' id='word_1_34' title='bbox 3820 1407 3995 1489; x_wconf 88' lang='lat' dir='ltr'><strong>uilla</strong></span> <span class='ocrx_word' id='word_1_35' title='bbox 4041 1408 4355 1489; x_wconf 91' lang='lat' dir='ltr'><strong>baenna-</strong></span> 
     </span>
     <span class='ocr_line' id='line_1_5' title="bbox 1171 1565 4355 1673; baseline -0.001 -24"><span class='ocrx_word' id='word_1_36' title='bbox 1171 1596 1362 1650; x_wconf 90' lang='lat' dir='ltr'><strong>rum.</strong></span> <span class='ocrx_word' id='word_1_37' title='bbox 1420 1587 1752 1673; x_wconf 90' lang='lat' dir='ltr'><strong>potestas</strong></span> <span class='ocrx_word' id='word_1_38' title='bbox 1805 1568 1897 1649; x_wconf 89' lang='lat' dir='ltr'><strong>ad</strong></span> <span class='ocrx_word' id='word_1_39' title='bbox 1955 1570 2385 1650; x_wconf 83' lang='lat' dir='ltr'>instantiam</span> <span class='ocrx_word' id='word_1_40' title='bbox 2441 1570 2830 1649; x_wconf 86' lang='lat' dir='ltr'>creditoris</span> <span class='ocrx_word' id='word_1_41' title='bbox 2883 1569 3005 1650; x_wconf 92' lang='lat' dir='ltr'><strong>uel</strong></span> <span class='ocrx_word' id='word_1_42' title='bbox 3062 1570 3221 1649; x_wconf 91' lang='lat' dir='ltr'><strong>eius</strong></span> <span class='ocrx_word' id='word_1_43' title='bbox 3257 1568 3512 1649; x_wconf 92' lang='lat' dir='ltr'><strong>locum</strong></span> <span class='ocrx_word' id='word_1_44' title='bbox 3550 1587 3815 1649; x_wconf 92' lang='lat' dir='ltr'><strong>tenens</strong></span> <span class='ocrx_word' id='word_1_45' title='bbox 3851 1585 4187 1649; x_wconf 89' lang='lat' dir='ltr'><strong>teneatur</strong></span> <span class='ocrx_word' id='word_1_46' title='bbox 4232 1565 4355 1645; x_wconf 93' lang='lat' dir='ltr'><strong>de-</strong></span> 
     </span>
     <span class='ocr_line' id='line_1_6' title="bbox 1174 1724 4356 1832; baseline 0 -27"><span class='ocrx_word' id='word_1_47' title='bbox 1174 1728 1408 1807; x_wconf 91' lang='lat' dir='ltr'><strong>tinere</strong></span> <span class='ocrx_word' id='word_1_48' title='bbox 1462 1724 1945 1831; x_wconf 86' lang='lat' dir='ltr'><strong>personaliter</strong></span> <span class='ocrx_word' id='word_1_49' title='bbox 1999 1726 2404 1831; x_wconf 85' lang='lat' dir='ltr'><strong>predictam</strong></span> <span class='ocrx_word' id='word_1_50' title='bbox 2458 1727 2859 1832; x_wconf 85' lang='lat' dir='ltr'><strong>personam</strong></span> <span class='ocrx_word' id='word_1_51' title='bbox 2917 1745 3343 1807; x_wconf 85' lang='lat' dir='ltr'><strong>extraneam</strong></span> <span class='ocrx_word' id='word_1_52' title='bbox 3399 1745 3688 1831; x_wconf 91' lang='lat' dir='ltr'><strong>captam</strong></span> <span class='ocrx_word' id='word_1_53' title='bbox 3723 1752 4111 1831; x_wconf 90' lang='lat' dir='ltr'><strong>quousque</strong></span> <span class='ocrx_word' id='word_1_54' title='bbox 4151 1724 4356 1805; x_wconf 87' lang='lat' dir='ltr'><strong>satis-</strong></span> 
     </span>
     <span class='ocr_line' id='line_1_7' title="bbox 1176 1883 4357 1990; baseline 0 -26"><span class='ocrx_word' id='word_1_55' title='bbox 1176 1884 1428 1964; x_wconf 88' lang='lat' dir='ltr'><strong>fecerit</strong></span> <span class='ocrx_word' id='word_1_56' title='bbox 1484 1883 1829 1963; x_wconf 90' lang='lat' dir='ltr'><strong>creditori</strong></span> <span class='ocrx_word' id='word_1_57' title='bbox 1886 1883 2220 1989; x_wconf 90' lang='lat' dir='ltr'><strong>predicto</strong></span> <span class='ocrx_word' id='word_1_58' title='bbox 2276 1884 2368 1964; x_wconf 94' lang='lat' dir='ltr'><strong>de</strong></span> <span class='ocrx_word' id='word_1_59' title='bbox 2426 1912 2520 1963; x_wconf 92' lang='lat' dir='ltr'><strong>eo</strong></span> <span class='ocrx_word' id='word_1_60' title='bbox 2578 1884 2782 1989; x_wconf 93' lang='lat' dir='ltr'><strong>quod</strong></span> <span class='ocrx_word' id='word_1_61' title='bbox 2839 1885 2905 1964; x_wconf 90' lang='lat' dir='ltr'><strong>ei</strong></span> <span class='ocrx_word' id='word_1_62' title='bbox 2964 1883 3135 1965; x_wconf 90' lang='lat' dir='ltr'><strong>dare</strong></span> <span class='ocrx_word' id='word_1_63' title='bbox 3191 1884 3549 1964; x_wconf 91' lang='lat' dir='ltr'><strong>debuerit.</strong></span> <span class='ocrx_word' id='word_1_64' title='bbox 3592 1883 3711 1965; x_wconf 92' lang='lat' dir='ltr'><strong>uel</strong></span> <span class='ocrx_word' id='word_1_65' title='bbox 3767 1911 4155 1990; x_wconf 90' lang='lat' dir='ltr'><strong>quousque</strong></span> <span class='ocrx_word' id='word_1_66' title='bbox 4202 1911 4357 1988; x_wconf 89' lang='lat' dir='ltr'><strong>pre—</strong></span> 
     </span>
     <span class='ocr_line' id='line_1_8' title="bbox 1176 2040 4358 2147; baseline 0 -25"><span class='ocrx_word' id='word_1_67' title='bbox 1176 2042 1442 2122; x_wconf 90' lang='lat' dir='ltr'><strong>stiterit</strong></span> <span class='ocrx_word' id='word_1_68' title='bbox 1503 2042 1778 2122; x_wconf 89' lang='lat' dir='ltr'><strong>bonam</strong></span> <span class='ocrx_word' id='word_1_69' title='bbox 1833 2042 2259 2147; x_wconf 89' lang='lat' dir='ltr'><strong>captionem</strong></span> <span class='ocrx_word' id='word_1_70' title='bbox 2317 2041 2409 2121; x_wconf 93' lang='lat' dir='ltr'><strong>de</strong></span> <span class='ocrx_word' id='word_1_71' title='bbox 2467 2042 2774 2122; x_wconf 91' lang='lat' dir='ltr'><strong>baennis</strong></span> <span class='ocrx_word' id='word_1_72' title='bbox 2810 2042 2904 2121; x_wconf 92' lang='lat' dir='ltr'><strong>de</strong></span> <span class='ocrx_word' id='word_1_73' title='bbox 2941 2040 3271 2147; x_wconf 91' lang='lat' dir='ltr'><strong>parendo</strong></span> <span class='ocrx_word' id='word_1_74' title='bbox 3309 2042 3445 2121; x_wconf 92' lang='lat' dir='ltr'><strong>iuri</strong></span> <span class='ocrx_word' id='word_1_75' title='bbox 3485 2042 3562 2122; x_wconf 92' lang='lat' dir='ltr'><strong>in</strong></span> <span class='ocrx_word' id='word_1_76' title='bbox 3619 2042 3927 2122; x_wconf 89' lang='lat' dir='ltr'><strong>baennis</strong></span> <span class='ocrx_word' id='word_1_77' title='bbox 3983 2060 4056 2123; x_wconf 91' lang='lat' dir='ltr'><strong>et</strong></span> <span class='ocrx_word' id='word_1_78' title='bbox 4103 2070 4358 2123; x_wconf 91' lang='lat' dir='ltr'><strong>coram</strong></span> 
     </span>
     <span class='ocr_line' id='line_1_9' title="bbox 1173 2189 4359 2319; baseline 0 -40"><span class='ocrx_word' id='word_1_79' title='bbox 1173 2189 1544 2304; x_wconf 88' lang='lat' dir='ltr'><strong>potestate</strong></span> <span class='ocrx_word' id='word_1_80' title='bbox 1598 2199 2075 2279; x_wconf 83' lang='lat' dir='ltr'><strong>baennarum.</strong></span> <span class='ocrx_word' id='word_1_81' title='bbox 2153 2219 2226 2279; x_wconf 91' lang='lat' dir='ltr'><strong>et</strong></span> <span class='ocrx_word' id='word_1_82' title='bbox 2298 2199 2823 2305; x_wconf 91' lang='lat' dir='ltr'><strong>respondendo</strong></span> <span class='ocrx_word' id='word_1_83' title='bbox 2907 2199 3000 2280; x_wconf 91' lang='lat' dir='ltr'><strong>de</strong></span> <span class='ocrx_word' id='word_1_84' title='bbox 3082 2201 3237 2280; x_wconf 90' lang='lat' dir='ltr'><strong>iure</strong></span> <span class='ocrx_word' id='word_1_85' title='bbox 3294 2199 3498 2280; x_wconf 92' lang='lat' dir='ltr'><strong>dicto</strong></span> <span class='ocrx_word' id='word_1_86' title='bbox 3554 2199 3900 2319; x_wconf 84' lang='lat' dir='ltr'><strong>creditori</strong></span> <span class='ocrx_word' id='word_1_87' title='bbox 3955 2200 4048 2281; x_wconf 91' lang='lat' dir='ltr'><strong>de</strong></span> <span class='ocrx_word' id='word_1_88' title='bbox 4103 2200 4359 2282; x_wconf 90' lang='lat' dir='ltr'><strong>debito</strong></span> 
     </span>
     <span class='ocr_line' id='line_1_10' title="bbox 1176 2357 3986 2464; baseline 0.001 -28"><span class='ocrx_word' id='word_1_89' title='bbox 1176 2357 1534 2462; x_wconf 90' lang='lat' dir='ltr'><strong>predict0.</strong></span> <span class='ocrx_word' id='word_1_90' title='bbox 1593 2377 1667 2437; x_wconf 93' lang='lat' dir='ltr'><strong>et</strong></span> <span class='ocrx_word' id='word_1_91' title='bbox 1721 2357 2238 2439; x_wconf 68' lang='lat' dir='ltr'><strong>satisfaciendo</strong></span> <span class='ocrx_word' id='word_1_92' title='bbox 2295 2358 2542 2438; x_wconf 88' lang='lat' dir='ltr'><strong>eidem</strong></span> <span class='ocrx_word' id='word_1_93' title='bbox 2599 2357 3240 2463; x_wconf 88' lang='lat' dir='ltr'><strong>quemadmodum</strong></span> <span class='ocrx_word' id='word_1_94' title='bbox 3297 2377 3492 2439; x_wconf 91' lang='lat' dir='ltr'><strong>esset</strong></span> <span class='ocrx_word' id='word_1_95' title='bbox 3542 2358 3986 2464; x_wconf 80' lang='lat' dir='ltr'><strong>principalis,</strong></span> 
     </span>
    </p>
   </div>
   <div class='ocr_carea' id='block_1_3' title="bbox 783 2696 4441 3039">
    <p class='ocr_par' dir='ltr' id='par_1_3' title="bbox 783 2696 4441 3039">
     <span class='ocr_line' id='line_1_11' title="bbox 783 2696 4441 2881; baseline -0.005 -18"><span class='ocrx_word' id='word_1_96' title='bbox 783 2809 829 2863; x_wconf 88' lang='lat'><strong>2</strong></span> <span class='ocrx_word' id='word_1_97' title='bbox 846 2807 878 2861; x_wconf 91' lang='lat'>1</span> <span class='ocrx_word' id='word_1_98' title='bbox 892 2782 937 2860; x_wconf 90' lang='lat'>8</span> <span class='ocrx_word' id='word_1_99' title='bbox 1093 2877 1097 2881; x_wconf 7' lang='grc' dir='ltr'><strong>Α</strong></span> <span class='ocrx_word' id='word_1_100' title='bbox 1167 2696 1392 2866; x_wconf 79' lang='lat' dir='ltr'><strong>DE</strong></span> <span class='ocrx_word' id='word_1_101' title='bbox 1442 2774 1937 2862; x_wconf 73' lang='lat' dir='ltr'><strong>PERsoms</strong></span> <span class='ocrx_word' id='word_1_102' title='bbox 1971 2769 2747 2857; x_wconf 79' lang='lat' dir='ltr'><strong>HABITANTfflus</strong></span> <span class='ocrx_word' id='word_1_103' title='bbox 2782 2769 2897 2856; x_wconf 86' lang='lat' dir='ltr'><strong>IN</strong></span> <span class='ocrx_word' id='word_1_104' title='bbox 2929 2767 3376 2854; x_wconf 77' lang='lat' dir='ltr'><strong>BAENNIS</strong></span> <span class='ocrx_word' id='word_1_105' title='bbox 3409 2717 4124 2852; x_wconf 78' lang='lat' dir='ltr'><strong>soLUENTIBus</strong></span> <span class='ocrx_word' id='word_1_106' title='bbox 4176 2763 4352 2846; x_wconf 87' lang='lat' dir='ltr'><strong>FO·</strong></span> <span class='ocrx_word' id='word_1_107' title='bbox 4430 2698 4441 2708; x_wconf 62' lang='grc'><strong>’</strong></span> 
     </span>
     <span class='ocr_line' id='line_1_12' title="bbox 1478 2915 3914 3039; baseline -0.004 -20"><span class='ocrx_word' id='word_1_108' title='bbox 1478 2933 1783 3021; x_wconf 84' lang='lat' dir='ltr'>DRUM</span> <span class='ocrx_word' id='word_1_109' title='bbox 1832 2931 1972 3018; x_wconf 84' lang='lat' dir='ltr'><strong>ET</strong></span> <span class='ocrx_word' id='word_1_110' title='bbox 2021 2929 2430 3017; x_wconf 84' lang='lat' dir='ltr'>TALIAM</span> <span class='ocrx_word' id='word_1_111' title='bbox 2479 2929 2694 3017; x_wconf 81' lang='lat' dir='ltr'><strong>PRo</strong></span> <span class='ocrx_word' id='word_1_112' title='bbox 2730 2926 3179 3015; x_wconf 85' lang='lat' dir='ltr'>COMUNI.</span> <span class='ocrx_word' id='word_1_113' title='bbox 3215 2919 3220 2923; x_wconf 77' lang='grc'><em>·</em></span> <span class='ocrx_word' id='word_1_114' title='bbox 3261 2933 3395 3039; x_wconf 83' lang='lat'><strong>(4)</strong></span> <span class='ocrx_word' id='word_1_115' title='bbox 3908 2915 3914 2922; x_wconf 78' lang='grc'><strong>’</strong></span> 
     </span>
    </p>
   </div>
   <div class='ocr_carea' id='block_1_4' title="bbox 1185 3149 4387 5411">
    <p class='ocr_par' dir='ltr' id='par_1_4' title="bbox 1185 3149 4387 5411">
     <span class='ocr_line' id='line_1_13' title="bbox 1295 3149 4369 3356; baseline 0 -27"><span class='ocrx_word' id='word_1_116' title='bbox 1295 3149 1659 3355; x_wconf 53' lang='lat' dir='ltr'><strong>Qum</strong></span> <span class='ocrx_word' id='word_1_117' title='bbox 1715 3268 2074 3330; x_wconf 92' lang='lat' dir='ltr'><strong>statutum</strong></span> <span class='ocrx_word' id='word_1_118' title='bbox 2112 3271 2224 3332; x_wconf 91' lang='lat' dir='ltr'><strong>est</strong></span> <span class='ocrx_word' id='word_1_119' title='bbox 2262 3250 2464 3356; x_wconf 94' lang='lat' dir='ltr'><strong>quod</strong></span> <span class='ocrx_word' id='word_1_120' title='bbox 2502 3250 2744 3355; x_wconf 87' lang='lat' dir='ltr'><strong>aliqua</strong></span> <span class='ocrx_word' id='word_1_121' title='bbox 2796 3277 3111 3356; x_wconf 91' lang='lat' dir='ltr'><strong>persona</strong></span> <span class='ocrx_word' id='word_1_122' title='bbox 3166 3249 3504 3331; x_wconf 88' lang='lat' dir='ltr'><strong>habitans</strong></span> <span class='ocrx_word' id='word_1_123' title='bbox 3558 3251 3636 3330; x_wconf 91' lang='lat' dir='ltr'><strong>in</strong></span> <span class='ocrx_word' id='word_1_124' title='bbox 3692 3252 3998 3331; x_wconf 92' lang='lat' dir='ltr'><strong>baennis</strong></span> <span class='ocrx_word' id='word_1_125' title='bbox 4051 3249 4173 3331; x_wconf 92' lang='lat' dir='ltr'><strong>uel</strong></span> <span class='ocrx_word' id='word_1_126' title='bbox 4228 3278 4369 3356; x_wconf 91' lang='lat' dir='ltr'><strong>que</strong></span> 
     </span>
     <span class='ocr_line' id='line_1_14' title="bbox 1185 3407 4371 3513; baseline 0 -26"><span class='ocrx_word' id='word_1_127' title='bbox 1185 3407 1264 3487; x_wconf 92' lang='lat' dir='ltr'><strong>in</strong></span> <span class='ocrx_word' id='word_1_128' title='bbox 1317 3407 1643 3487; x_wconf 90' lang='lat' dir='ltr'><strong>futurum</strong></span> <span class='ocrx_word' id='word_1_129' title='bbox 1696 3407 2132 3487; x_wconf 91' lang='lat' dir='ltr'><strong>habitauerit</strong></span> <span class='ocrx_word' id='word_1_130' title='bbox 2188 3424 2522 3488; x_wconf 89' lang='lat' dir='ltr'><strong>teneatur</strong></span> <span class='ocrx_word' id='word_1_131' title='bbox 2609 3427 2684 3489; x_wconf 97' lang='lat' dir='ltr'><strong>et</strong></span> <span class='ocrx_word' id='word_1_132' title='bbox 2764 3408 3029 3489; x_wconf 88' lang='lat' dir='ltr'><strong>debeat</strong></span> <span class='ocrx_word' id='word_1_133' title='bbox 3098 3407 3388 3489; x_wconf 91' lang='lat' dir='ltr'><strong>soluere</strong></span> <span class='ocrx_word' id='word_1_134' title='bbox 3445 3407 3769 3488; x_wconf 88' lang='lat' dir='ltr'><strong>fodrum·</strong></span> <span class='ocrx_word' id='word_1_135' title='bbox 3798 3427 3873 3488; x_wconf 93' lang='lat' dir='ltr'><strong>et</strong></span> <span class='ocrx_word' id='word_1_136' title='bbox 3928 3408 4180 3488; x_wconf 86' lang='lat' dir='ltr'><strong>taliam</strong></span> <span class='ocrx_word' id='word_1_137' title='bbox 4235 3435 4371 3513; x_wconf 90' lang='lat' dir='ltr'><strong>pro</strong></span> 
     </span>
     <span class='ocr_line' id='line_1_15' title="bbox 1190 3564 4372 3671; baseline 0.001 -27"><span class='ocrx_word' id='word_1_138' title='bbox 1190 3566 1498 3645; x_wconf 91' lang='lat' dir='ltr'><strong>comuni</strong></span> <span class='ocrx_word' id='word_1_139' title='bbox 1553 3565 2004 3646; x_wconf 87' lang='lat' dir='ltr'><strong>baennarum</strong></span> <span class='ocrx_word' id='word_1_140' title='bbox 2061 3565 2154 3646; x_wconf 91' lang='lat' dir='ltr'><strong>de</strong></span> <span class='ocrx_word' id='word_1_141' title='bbox 2210 3567 2564 3647; x_wconf 91' lang='lat' dir='ltr'><strong>omnibus</strong></span> <span class='ocrx_word' id='word_1_142' title='bbox 2619 3566 3023 3647; x_wconf 89' lang='lat' dir='ltr'><strong>mobilibus</strong></span> <span class='ocrx_word' id='word_1_143' title='bbox 3078 3585 3153 3645; x_wconf 92' lang='lat' dir='ltr'><strong>et</strong></span> <span class='ocrx_word' id='word_1_144' title='bbox 3207 3566 3722 3646; x_wconf 85' lang='lat' dir='ltr'><strong>immobilibus</strong></span> <span class='ocrx_word' id='word_1_145' title='bbox 3782 3592 3924 3671; x_wconf 91' lang='lat' dir='ltr'><strong>que</strong></span> <span class='ocrx_word' id='word_1_146' title='bbox 3980 3564 4202 3646; x_wconf 90' lang='lat' dir='ltr'><strong>habet</strong></span> <span class='ocrx_word' id='word_1_147' title='bbox 4252 3566 4372 3647; x_wconf 92' lang='lat' dir='ltr'><strong>uel</strong></span> 
     </span>
     <span class='ocr_line' id='line_1_16' title="bbox 1188 3722 4376 3830; baseline 0 -28"><span class='ocrx_word' id='word_1_148' title='bbox 1188 3724 1523 3803; x_wconf 92' lang='lat' dir='ltr'><strong>habuerit</strong></span> <span class='ocrx_word' id='word_1_149' title='bbox 1577 3723 1653 3802; x_wconf 93' lang='lat' dir='ltr'><strong>in</strong></span> <span class='ocrx_word' id='word_1_150' title='bbox 1710 3723 2017 3804; x_wconf 91' lang='lat' dir='ltr'><strong>baennis</strong></span> <span class='ocrx_word' id='word_1_151' title='bbox 2053 3722 2174 3804; x_wconf 92' lang='lat' dir='ltr'><strong>uel</strong></span> <span class='ocrx_word' id='word_1_152' title='bbox 2213 3724 2547 3807; x_wconf 91' lang='lat' dir='ltr'><strong>districtu</strong></span> <span class='ocrx_word' id='word_1_153' title='bbox 2603 3723 2781 3804; x_wconf 90' lang='lat' dir='ltr'><strong>dicti</strong></span> <span class='ocrx_word' id='word_1_154' title='bbox 2838 3724 2984 3804; x_wconf 92' lang='lat' dir='ltr'><strong>loci</strong></span> <span class='ocrx_word' id='word_1_155' title='bbox 3041 3742 3114 3804; x_wconf 91' lang='lat' dir='ltr'><strong>et</strong></span> <span class='ocrx_word' id='word_1_156' title='bbox 3170 3722 3405 3805; x_wconf 86' lang='lat' dir='ltr'><strong>facere</strong></span> <span class='ocrx_word' id='word_1_157' title='bbox 3443 3723 3623 3805; x_wconf 91' lang='lat' dir='ltr'><strong>alias</strong></span> <span class='ocrx_word' id='word_1_158' title='bbox 3659 3750 4162 3830; x_wconf 91' lang='lat' dir='ltr'><strong>quascumque</strong></span> <span class='ocrx_word' id='word_1_159' title='bbox 4201 3751 4376 3804; x_wconf 92' lang='lat' dir='ltr'><strong>con-</strong></span> 
     </span>
     <span class='ocr_line' id='line_1_17' title="bbox 1189 3880 4377 3987; baseline 0 -27"><span class='ocrx_word' id='word_1_160' title='bbox 1189 3880 1519 3962; x_wconf 91' lang='lat' dir='ltr'><strong>ditiones</strong></span> <span class='ocrx_word' id='word_1_161' title='bbox 1571 3907 1709 3986; x_wconf 92' lang='lat' dir='ltr'><strong>pro</strong></span> <span class='ocrx_word' id='word_1_162' title='bbox 1765 3881 1969 3962; x_wconf 92' lang='lat' dir='ltr'><strong>dicto</strong></span> <span class='ocrx_word' id='word_1_163' title='bbox 2026 3883 2332 3962; x_wconf 91' lang='lat' dir='ltr'><strong>comuni</strong></span> <span class='ocrx_word' id='word_1_164' title='bbox 2388 3881 3031 3987; x_wconf 89' lang='lat' dir='ltr'><strong>quemadmodum</strong></span> <span class='ocrx_word' id='word_1_165' title='bbox 3102 3881 3399 3963; x_wconf 90' lang='lat' dir='ltr'><strong>soluent</strong></span> <span class='ocrx_word' id='word_1_166' title='bbox 3472 3901 3545 3963; x_wconf 93' lang='lat' dir='ltr'><strong>et</strong></span> <span class='ocrx_word' id='word_1_167' title='bbox 3617 3882 3887 3963; x_wconf 75' lang='lat' dir='ltr'><strong>facient</strong></span> <span class='ocrx_word' id='word_1_168' title='bbox 3957 3883 4377 3963; x_wconf 90' lang='lat' dir='ltr'><strong>comuniter</strong></span> 
     </span>
     <span class='ocr_line' id='line_1_18' title="bbox 1189 4028 4377 4145; baseline 0.001 -28"><span class='ocrx_word' id='word_1_169' title='bbox 1189 4037 1332 4119; x_wconf 92' lang='lat' dir='ltr'><strong>alie</strong></span> <span class='ocrx_word' id='word_1_170' title='bbox 1369 4065 1688 4143; x_wconf 89' lang='lat' dir='ltr'><strong>persone</strong></span> <span class='ocrx_word' id='word_1_171' title='bbox 1744 4038 2161 4120; x_wconf 91' lang='lat' dir='ltr'><strong>habitantes</strong></span> <span class='ocrx_word' id='word_1_172' title='bbox 2214 4039 2292 4119; x_wconf 91' lang='lat' dir='ltr'><strong>in</strong></span> <span class='ocrx_word' id='word_1_173' title='bbox 2346 4028 2520 4119; x_wconf 91' lang='lat' dir='ltr'><strong>loco</strong></span> <span class='ocrx_word' id='word_1_174' title='bbox 2576 4039 2937 4144; x_wconf 78' lang='lat' dir='ltr'><strong>predicto,</strong></span> <span class='ocrx_word' id='word_1_175' title='bbox 2998 4040 3325 4145; x_wconf 85' lang='lat' dir='ltr'><strong>exceptis</strong></span> <span class='ocrx_word' id='word_1_176' title='bbox 3378 4039 3691 4120; x_wconf 92' lang='lat' dir='ltr'><strong>medicis</strong></span> <span class='ocrx_word' id='word_1_177' title='bbox 3744 4038 4059 4121; x_wconf 86' lang='lat' dir='ltr'><strong>ferrariis</strong></span> <span class='ocrx_word' id='word_1_178' title='bbox 4105 4059 4179 4120; x_wconf 90' lang='lat' dir='ltr'><strong>et</strong></span> <span class='ocrx_word' id='word_1_179' title='bbox 4216 4038 4377 4119; x_wconf 91' lang='lat' dir='ltr'><strong>aliis</strong></span> 
     </span>
     <span class='ocr_line' id='line_1_19' title="bbox 1187 4196 4375 4303; baseline 0 -26"><span class='ocrx_word' id='word_1_180' title='bbox 1187 4199 1529 4303; x_wconf 91' lang='lat' dir='ltr'><strong>personis</strong></span> <span class='ocrx_word' id='word_1_181' title='bbox 1584 4224 1726 4301; x_wconf 92' lang='lat' dir='ltr'><strong>que</strong></span> <span class='ocrx_word' id='word_1_182' title='bbox 1783 4196 2172 4277; x_wconf 89' lang='lat' dir='ltr'><strong>habuerint</strong></span> <span class='ocrx_word' id='word_1_183' title='bbox 2227 4198 2399 4277; x_wconf 88' lang='lat' dir='ltr'><strong>inde</strong></span> <span class='ocrx_word' id='word_1_184' title='bbox 2456 4216 2755 4303; x_wconf 91' lang='lat' dir='ltr'><strong>pactum</strong></span> <span class='ocrx_word' id='word_1_185' title='bbox 2828 4225 3002 4277; x_wconf 92' lang='lat' dir='ltr'><strong>cum</strong></span> <span class='ocrx_word' id='word_1_186' title='bbox 3083 4198 3390 4278; x_wconf 90' lang='lat' dir='ltr'><strong>comuni</strong></span> <span class='ocrx_word' id='word_1_187' title='bbox 3469 4197 3829 4302; x_wconf 78' lang='lat' dir='ltr'><strong>predicto,</strong></span> <span class='ocrx_word' id='word_1_188' title='bbox 3886 4196 4015 4278; x_wconf 89' lang='lat' dir='ltr'><strong>tali</strong></span> <span class='ocrx_word' id='word_1_189' title='bbox 4071 4198 4375 4302; x_wconf 92' lang='lat' dir='ltr'><strong>quidem</strong></span> 
     </span>
     <span class='ocr_line' id='line_1_20' title="bbox 1189 4323 4378 4460; baseline 0.001 -26"><span class='ocrx_word' id='word_1_190' title='bbox 1189 4354 1428 4434; x_wconf 94' lang='lat' dir='ltr'><strong>modo</strong></span> <span class='ocrx_word' id='word_1_191' title='bbox 1483 4323 1687 4459; x_wconf 90' lang='lat' dir='ltr'><strong>quod</strong></span> <span class='ocrx_word' id='word_1_192' title='bbox 1743 4354 1984 4459; x_wconf 91' lang='lat' dir='ltr'><strong>aliqua</strong></span> <span class='ocrx_word' id='word_1_193' title='bbox 2038 4381 2354 4460; x_wconf 92' lang='lat' dir='ltr'><strong>persona</strong></span> <span class='ocrx_word' id='word_1_194' title='bbox 2409 4381 2568 4435; x_wconf 92' lang='lat' dir='ltr'><strong>non</strong></span> <span class='ocrx_word' id='word_1_195' title='bbox 2622 4355 2861 4460; x_wconf 92' lang='lat' dir='ltr'><strong>possit</strong></span> <span class='ocrx_word' id='word_1_196' title='bbox 2917 4354 3011 4435; x_wconf 93' lang='lat' dir='ltr'><strong>de</strong></span> <span class='ocrx_word' id='word_1_197' title='bbox 3068 4373 3317 4435; x_wconf 90' lang='lat' dir='ltr'><strong>cetero</strong></span> <span class='ocrx_word' id='word_1_198' title='bbox 3390 4354 3846 4435; x_wconf 89' lang='lat' dir='ltr'><strong>afranchitari</strong></span> <span class='ocrx_word' id='word_1_199' title='bbox 3906 4382 4037 4436; x_wconf 93' lang='lat' dir='ltr'><strong>seu</strong></span> <span class='ocrx_word' id='word_1_200' title='bbox 4093 4355 4378 4436; x_wconf 90' lang='lat' dir='ltr'><strong>liberari</strong></span> 
     </span>
     <span class='ocr_line' id='line_1_21' title="bbox 1191 4511 4383 4619; baseline 0.001 -28"><span class='ocrx_word' id='word_1_201' title='bbox 1191 4511 1312 4592; x_wconf 93' lang='lat' dir='ltr'><strong>uel</strong></span> <span class='ocrx_word' id='word_1_202' title='bbox 1369 4531 1717 4618; x_wconf 84' lang='lat' dir='ltr'><strong>exempta</strong></span> <span class='ocrx_word' id='word_1_203' title='bbox 1773 4512 1934 4594; x_wconf 91' lang='lat' dir='ltr'><strong>fieri</strong></span> <span class='ocrx_word' id='word_1_204' title='bbox 1968 4513 2066 4619; x_wconf 67' lang='lat' dir='ltr'><strong>¹in</strong></span> <span class='ocrx_word' id='word_1_205' title='bbox 2124 4511 2375 4618; x_wconf 87' lang='lat' dir='ltr'><strong>aliquo</strong></span> <span class='ocrx_word' id='word_1_206' title='bbox 2416 4512 2507 4593; x_wconf 93' lang='lat' dir='ltr'><strong>de</strong></span> <span class='ocrx_word' id='word_1_207' title='bbox 2544 4512 2918 4618; x_wconf 79' lang='lat' dir='ltr'><strong>predictis,</strong></span> <span class='ocrx_word' id='word_1_208' title='bbox 2960 4512 3079 4594; x_wconf 93' lang='lat' dir='ltr'><strong>uel</strong></span> <span class='ocrx_word' id='word_1_209' title='bbox 3117 4512 3368 4618; x_wconf 91' lang='lat' dir='ltr'><strong>aliquo</strong></span> <span class='ocrx_word' id='word_1_210' title='bbox 3405 4513 3934 4618; x_wconf 90' lang='lat' dir='ltr'><strong>predictorum.</strong></span> <span class='ocrx_word' id='word_1_211' title='bbox 3976 4514 4383 4618; x_wconf 89' lang='lat' dir='ltr'><strong>quominus</strong></span> 
     </span>
     <span class='ocr_line' id='line_1_22' title="bbox 1191 4669 4386 4776; baseline 0.001 -27"><span class='ocrx_word' id='word_1_212' title='bbox 1191 4670 1494 4750; x_wconf 85' lang='lat' dir='ltr'><strong>fodrum</strong></span> <span class='ocrx_word' id='word_1_213' title='bbox 1553 4688 1625 4750; x_wconf 91' lang='lat' dir='ltr'><strong>et</strong></span> <span class='ocrx_word' id='word_1_214' title='bbox 1680 4669 1935 4751; x_wconf 90' lang='lat' dir='ltr'><strong>taliam</strong></span> <span class='ocrx_word' id='word_1_215' title='bbox 1993 4669 2284 4751; x_wconf 92' lang='lat' dir='ltr'><strong>soluere</strong></span> <span class='ocrx_word' id='word_1_216' title='bbox 2343 4688 2417 4750; x_wconf 92' lang='lat' dir='ltr'><strong>et</strong></span> <span class='ocrx_word' id='word_1_217' title='bbox 2471 4669 2705 4751; x_wconf 88' lang='lat' dir='ltr'><strong>facere</strong></span> <span class='ocrx_word' id='word_1_218' title='bbox 2781 4670 2961 4752; x_wconf 89' lang='lat' dir='ltr'><strong>alias</strong></span> <span class='ocrx_word' id='word_1_219' title='bbox 3017 4671 3491 4751; x_wconf 90' lang='lat' dir='ltr'><strong>conditiones</strong></span> <span class='ocrx_word' id='word_1_220' title='bbox 3547 4672 3623 4750; x_wconf 94' lang='lat' dir='ltr'><strong>in</strong></span> <span class='ocrx_word' id='word_1_221' title='bbox 3679 4671 4032 4751; x_wconf 92' lang='lat' dir='ltr'><strong>omnibus</strong></span> <span class='ocrx_word' id='word_1_222' title='bbox 4085 4689 4168 4750; x_wconf 92' lang='lat' dir='ltr'><strong>ut</strong></span> <span class='ocrx_word' id='word_1_223' title='bbox 4225 4698 4386 4776; x_wconf 90' lang='lat' dir='ltr'><strong>pre-</strong></span> 
     </span>
     <span class='ocr_line' id='line_1_23' title="bbox 1189 4827 4384 4935; baseline 0 -28"><span class='ocrx_word' id='word_1_224' title='bbox 1189 4827 1473 4908; x_wconf 91' lang='lat' dir='ltr'><strong>dictum</strong></span> <span class='ocrx_word' id='word_1_225' title='bbox 1528 4848 1641 4910; x_wconf 92' lang='lat' dir='ltr'><strong>est</strong></span> <span class='ocrx_word' id='word_1_226' title='bbox 1697 4828 2090 4910; x_wconf 91' lang='lat' dir='ltr'><strong>efficaciter</strong></span> <span class='ocrx_word' id='word_1_227' title='bbox 2143 4847 2553 4909; x_wconf 84' lang='lat' dir='ltr'><strong>teneantur.</strong></span> <span class='ocrx_word' id='word_1_228' title='bbox 2598 4847 2672 4909; x_wconf 93' lang='lat' dir='ltr'><strong>et</strong></span> <span class='ocrx_word' id='word_1_229' title='bbox 2700 4828 2902 4909; x_wconf 92' lang='lat' dir='ltr'><strong>nulla</strong></span> <span class='ocrx_word' id='word_1_230' title='bbox 2922 4856 3246 4935; x_wconf 35' lang='lat' dir='ltr'><strong>‘persona</strong></span> <span class='ocrx_word' id='word_1_231' title='bbox 3283 4830 3523 4935; x_wconf 91' lang='lat' dir='ltr'><strong>possit</strong></span> <span class='ocrx_word' id='word_1_232' title='bbox 3578 4828 3899 4909; x_wconf 91' lang='lat' dir='ltr'><strong>uendere</strong></span> <span class='ocrx_word' id='word_1_233' title='bbox 3955 4827 4174 4908; x_wconf 91' lang='lat' dir='ltr'><strong>alicui</strong></span> <span class='ocrx_word' id='word_1_234' title='bbox 4230 4857 4384 4934; x_wconf 91' lang='lat' dir='ltr'><strong>per—</strong></span> 
     </span>
     <span class='ocr_line' id='line_1_24' title="bbox 1194 4985 4384 5108; baseline -0.001 -41"><span class='ocrx_word' id='word_1_235' title='bbox 1194 5013 1380 5067; x_wconf 91' lang='lat' dir='ltr'><strong>sone</strong></span> <span class='ocrx_word' id='word_1_236' title='bbox 1438 5006 1786 5093; x_wconf 86' lang='lat' dir='ltr'><strong>exempte</strong></span> <span class='ocrx_word' id='word_1_237' title='bbox 1843 5016 1886 5068; x_wconf 94' lang='lat' dir='ltr'><strong>a</strong></span> <span class='ocrx_word' id='word_1_238' title='bbox 1941 4987 2159 5068; x_wconf 90' lang='lat' dir='ltr'><strong>fodro</strong></span> <span class='ocrx_word' id='word_1_239' title='bbox 2216 4986 2589 5068; x_wconf 92' lang='lat' dir='ltr'><strong>soluendo</strong></span> <span class='ocrx_word' id='word_1_240' title='bbox 2643 5014 2780 5093; x_wconf 94' lang='lat' dir='ltr'><strong>pro</strong></span> <span class='ocrx_word' id='word_1_241' title='bbox 2837 4988 3143 5068; x_wconf 89' lang='lat' dir='ltr'><strong>comuni</strong></span> <span class='ocrx_word' id='word_1_242' title='bbox 3197 4987 3674 5108; x_wconf 88' lang='lat' dir='ltr'><strong>baennarum.</strong></span> <span class='ocrx_word' id='word_1_243' title='bbox 3750 4986 3872 5068; x_wconf 91' lang='lat' dir='ltr'><strong>uel</strong></span> <span class='ocrx_word' id='word_1_244' title='bbox 3926 4986 4178 5091; x_wconf 89' lang='lat' dir='ltr'><strong>aliquo</strong></span> <span class='ocrx_word' id='word_1_245' title='bbox 4235 4985 4384 5066; x_wconf 91' lang='lat' dir='ltr'><strong>alio</strong></span> 
     </span>
     <span class='ocr_line' id='line_1_25' title="bbox 1194 5141 4382 5251; baseline 0 -25"><span class='ocrx_word' id='word_1_246' title='bbox 1194 5145 1433 5226; x_wconf 93' lang='lat' dir='ltr'><strong>modo</strong></span> <span class='ocrx_word' id='word_1_247' title='bbox 1489 5145 1805 5227; x_wconf 89' lang='lat' dir='ltr'><strong>alienare</strong></span> <span class='ocrx_word' id='word_1_248' title='bbox 1861 5141 2185 5251; x_wconf 79' lang='lat' dir='ltr'><strong>aliquam</strong></span> <span class='ocrx_word' id='word_1_249' title='bbox 2241 5172 2399 5228; x_wconf 90' lang='lat' dir='ltr'><strong>rem</strong></span> <span class='ocrx_word' id='word_1_250' title='bbox 2455 5145 2931 5226; x_wconf 91' lang='lat' dir='ltr'><strong>immobilem</strong></span> <span class='ocrx_word' id='word_1_251' title='bbox 3013 5172 3155 5250; x_wconf 91' lang='lat' dir='ltr'><strong>que</strong></span> <span class='ocrx_word' id='word_1_252' title='bbox 3230 5146 3324 5226; x_wconf 92' lang='lat' dir='ltr'><strong>sit</strong></span> <span class='ocrx_word' id='word_1_253' title='bbox 3382 5147 3456 5225; x_wconf 90' lang='lat' dir='ltr'><strong>in</strong></span> <span class='ocrx_word' id='word_1_254' title='bbox 3513 5146 3847 5227; x_wconf 90' lang='lat' dir='ltr'><strong>districtu</strong></span> <span class='ocrx_word' id='word_1_255' title='bbox 3903 5147 4382 5228; x_wconf 89' lang='lat' dir='ltr'><strong>baennarum.</strong></span> 
     </span>
     <span class='ocr_line' id='line_1_26' title="bbox 1193 5303 4387 5411; baseline 0.001 -29"><span class='ocrx_word' id='word_1_256' title='bbox 1193 5303 1287 5382; x_wconf 89' lang='lat' dir='ltr'><strong>Et</strong></span> <span class='ocrx_word' id='word_1_257' title='bbox 1344 5304 1404 5384; x_wconf 91' lang='lat' dir='ltr'><strong>si</strong></span> <span class='ocrx_word' id='word_1_258' title='bbox 1461 5303 1973 5395; x_wconf 80' lang='lat' dir='ltr'><strong>contrafecerit</strong></span> <span class='ocrx_word' id='word_1_259' title='bbox 2027 5323 2362 5385; x_wconf 87' lang='lat' dir='ltr'><strong>teneatur</strong></span> <span class='ocrx_word' id='word_1_260' title='bbox 2417 5304 2510 5385; x_wconf 92' lang='lat' dir='ltr'><strong>de</strong></span> <span class='ocrx_word' id='word_1_261' title='bbox 2568 5304 2761 5385; x_wconf 88' lang='lat' dir='ltr'><strong>dicta</strong></span> <span class='ocrx_word' id='word_1_262' title='bbox 2816 5332 2893 5385; x_wconf 92' lang='lat' dir='ltr'><strong>re</strong></span> <span class='ocrx_word' id='word_1_263' title='bbox 2952 5303 3242 5386; x_wconf 91' lang='lat' dir='ltr'><strong>soluere</strong></span> <span class='ocrx_word' id='word_1_264' title='bbox 3281 5303 3579 5384; x_wconf 85' lang='lat' dir='ltr'><strong>fodrum</strong></span> <span class='ocrx_word' id='word_1_265' title='bbox 3619 5323 3691 5385; x_wconf 92' lang='lat' dir='ltr'><strong>et</strong></span> <span class='ocrx_word' id='word_1_266' title='bbox 3727 5303 3981 5385; x_wconf 89' lang='lat' dir='ltr'><strong>taliam</strong></span> <span class='ocrx_word' id='word_1_267' title='bbox 4021 5325 4094 5385; x_wconf 90' lang='lat' dir='ltr'><strong>et</strong></span> <span class='ocrx_word' id='word_1_268' title='bbox 4151 5306 4387 5411; x_wconf 90' lang='lat' dir='ltr'><strong>ipsam</strong></span> 
     </span>
    </p>
   </div>
   <div class='ocr_carea' id='block_1_5' title="bbox 2470 5464 2513 5503">
    <p class='ocr_par' dir='ltr' id='par_1_5' title="bbox 2470 5464 2513 5503">
     <span class='ocr_line' id='line_1_27' title="bbox 2470 5464 2513 5503; baseline 0 0"><span class='ocrx_word' id='word_1_269' title='bbox 2470 5464 2513 5503; x_wconf 69' lang='grc' dir='ltr'><strong>-Χ-</strong></span> 
     </span>
    </p>
   </div>
   <div class='ocr_carea' id='block_1_6' title="bbox 1192 5463 4388 5569">
    <p class='ocr_par' dir='ltr' id='par_1_6' title="bbox 1192 5463 4388 5569">
     <span class='ocr_line' id='line_1_28' title="bbox 1192 5463 4388 5569; baseline 0.001 -27"><span class='ocrx_word' id='word_1_270' title='bbox 1192 5489 1473 5567; x_wconf 91' lang='lat' dir='ltr'><strong>ponere</strong></span> <span class='ocrx_word' id='word_1_271' title='bbox 1526 5463 1570 5502; x_wconf 69' lang='lat'><strong>³⁶</strong></span> <span class='ocrx_word' id='word_1_272' title='bbox 1626 5481 1698 5544; x_wconf 92' lang='lat' dir='ltr'><strong>et</strong></span> <span class='ocrx_word' id='word_1_273' title='bbox 1780 5484 2032 5545; x_wconf 90' lang='lat' dir='ltr'><strong>tenere</strong></span> <span class='ocrx_word' id='word_1_274' title='bbox 2116 5465 2195 5544; x_wconf 91' lang='lat' dir='ltr'><strong>in</strong></span> <span class='ocrx_word' id='word_1_275' title='bbox 2277 5491 2415 5544; x_wconf 93' lang='lat' dir='ltr'><strong>suo</strong></span> <span class='ocrx_word' id='word_1_276' title='bbox 2566 5482 2870 5568; x_wconf 86' lang='lat' dir='ltr'><strong>regesto</strong></span> <span class='ocrx_word' id='word_1_277' title='bbox 2926 5465 3003 5544; x_wconf 93' lang='lat' dir='ltr'><strong>in</strong></span> <span class='ocrx_word' id='word_1_278' title='bbox 3057 5483 3416 5569; x_wconf 91' lang='lat' dir='ltr'><strong>perpetuo</strong></span> <span class='ocrx_word' id='word_1_279' title='bbox 3497 5465 3881 5569; x_wconf 81' lang='lat' dir='ltr'><strong>tamquam</strong></span> <span class='ocrx_word' id='word_1_280' title='bbox 3957 5491 4165 5544; x_wconf 88' lang='lat' dir='ltr'><strong>suam</strong></span> <span class='ocrx_word' id='word_1_281' title='bbox 4220 5491 4388 5569; x_wconf 89' lang='lat' dir='ltr'><strong>pro-</strong></span> 
     </span>
    </p>
   </div>
   <div class='ocr_carea' id='block_1_7' title="bbox 1192 5620 1669 5726">
    <p class='ocr_par' dir='ltr' id='par_1_7' title="bbox 1192 5620 1669 5726">
     <span class='ocr_line' id='line_1_29' title="bbox 1192 5620 1669 5726; baseline 0.004 -27"><span class='ocrx_word' id='word_1_282' title='bbox 1192 5620 1431 5726; x_wconf 90' lang='lat' dir='ltr'><strong>priam</strong></span> <span class='ocrx_word' id='word_1_283' title='bbox 1486 5648 1669 5701; x_wconf 90' lang='lat' dir='ltr'><strong>rem.</strong></span> 
     </span>
    </p>
   </div>
  </div>
 </body>
</html>
