5117 6834
799 1230 896 1301 24

1156 617 1451 722 plenam
1507 637 1578 698 et
1635 618 1938 698 liberam
1994 617 2458 699 uoluntatem
2495 637 2651 698 tam
2702 619 2795 699 de
2841 620 3203 724 preteritis
3260 646 3482 724 quam
3539 620 3630 699 de
3686 619 3966 699 futuris.
4027 638 4101 698 et
4157 620 4344 698 sicut

1158 776 1224 855 ei
1281 776 1668 856 uidebitur.
1725 776 1974 881 aliquo
2030 775 2350 880 capitulo
2388 775 2584 856 facto
2639 775 2760 856 uel
2815 775 3095 856 facturo
3152 777 3228 855 in
3285 777 3733 856 contrarium
3780 803 3936 856 non
3976 779 4342 855 obstante.

1181 1116 1403 1281 DE
1457 1199 2002 1285 CITATIONI
2013 1199 2209 1278 BUS.

1390 1419 1400 1429 ·
1344 1420 1496 1581 552

1320 1538 1386 1584 'Tr
1429 1537 1650 1592 ι-ΤΕΜ
1707 1529 2060 1590 statutum
2099 1536 2268 1613 qum.
2306 1510 2697 1588 CitatloneS
2734 1535 3167 1613 quecunque
3225 1536 3315 1588 ΕΧ
3379 1509 3607 1587 nimia
3672 1534 3887 1587 causa
3932 1507 4344 1612 procedunt

1162 1688 1567 1748 statuerunt
1637 1687 1709 1747 et
1778 1667 2301 1747 ordinauerunt
2366 1668 2755 1771 sapientes,
2822 1666 3023 1770 quod
3083 1667 3143 1745 si
3199 1666 3461 1769 aliquis
3527 1665 3645 1745 uel
3715 1663 3956 1769 aliqua
4028 1691 4345 1770 persona

1165 1824 1484 1929 aliquem
1540 1824 1659 1905 uel
1717 1824 2036 1928 aliquam
2090 1850 2485 1929 personam
2541 1850 2791 1902 coram
2850 1821 3089 1902 iudice
3127 1821 3247 1902 uel
3292 1840 3658 1927 potestate
3714 1821 4085 1901 malitiose
4142 1821 4341 1900 citari

1161 1981 1409 2061 fecerit
1466 1982 1582 2062 uel
1640 2009 1853 2062 causa
1909 1982 2280 2062 citationis
2317 1981 2585 2060 iniusta
2622 1983 2921 2060 inuenta
2978 1980 3213 2059 fuerit.
3272 1980 3507 2075 Quod
3563 1997 3892 2084 potestas
3946 1978 4066 2057 uel
4122 1977 4345 2058 iudex

1163 2141 1646 2219 incontinenti
1704 2166 2016 2244 persone
2074 2139 2290 2218 citate
2347 2127 2471 2243 per
2528 2166 2694 2217 eam
2748 2164 3143 2242 personam
3190 2164 3340 2249 que
3398 2139 3631 2241 ipsam
3687 2163 4084 2241 personam
4140 2137 4342 2216 citari

1161 2296 1430 2376 fecerit.
1489 2297 1895 2400 dampnum
1951 2295 2152 2400 quod
2210 2298 2450 2376 iurare·
2496 2295 2815 2375 uoluerit
2870 2295 3209 2375 habuisse
3267 2296 3658 2375 occasione
3714 2294 3908 2374 dicte
3973 2294 4346 2373 citationis

1164 2482 1290 2534 seu
1348 2481 1704 2558 expensas
1758 2481 1939 2558 quas
1986 2480 2300 2558 persona
2356 2455 2572 2533 citata
2628 2453 2969 2533 iurauerit
3008 2479 3087 2532 se
3125 2452 3382 2533 fecisse
3419 2453 3703 2532 restitui
3740 2451 3973 2531 facere
4011 2469 4343 2530 teneatur

1163 2611 1346 2692 facta
1403 2611 1574 2691 inde
1629 2613 2003 2691 taxatione
2057 2639 2185 2715 per
2238 2629 2709 2715 potestatem.
2770 2613 2827 2690 si
2885 2637 3199 2715 persona
3256 2612 3472 2689 citata
3539 2610 3880 2689 iurauerit
3935 2609 4343 2713 dampnum

1163 2769 1500 2850 habuisse
1558 2768 1677 2867 uel
1737 2768 2172 2873 expendisse
2229 2767 2414 2846 ultra
2471 2795 2696 2871 quam
2755 2768 3122 2847 uidebitur
3176 2769 3549 2871 potestati.

3303 2995 3342 3029 Q

1187 3103 1409 3265 DE
1465 3184 1803 3262 PALEIS
1859 3182 2092 3262 NON
2148 3182 2652 3262 TENENDIS
2711 3184 2815 3263 IN
2873 3184 3201 3262 UlLLA.

1329 3403 1496 3470 *³³1ssss

1334 3426 1417 3571 ,Ι

1323 3460 1390 3587 ἐξ
1420 3463 1484 3588 ⁵³³
1547 3530 1651 3583 EM
1706 3501 2028 3608 quelibet
2082 3528 2394 3605 persona
2477 3501 2756 3580 habens
2821 3499 3065 3605 paleas
3120 3501 3196 3578 in
3253 3499 3426 3579 uilla
3502 3503 3951 3579 baennarum
4016 3518 4351 3580 teneatur

1168 3654 1362 3766 ipsas
1412 3659 1657 3765 paleas
1712 3659 1991 3739 extrahi
2048 3661 2280 3738 lacere
2337 3657 2429 3737 de
2486 3657 2681 3737 dicta
2735 3656 2908 3737 uilla
2963 3677 3359 3762 postquam
3429 3656 3788 3737 cridatum
3846 3657 4059 3737 fuerit
4116 3684 4347 3762 usque

1166 3819 1258 3899 ad
1313 3820 1715 3899 terminum
1771 3817 1964 3896 dicte
2021 3816 2241 3895 cride.
2301 3814 2436 3922 (1)
2503 3833 2576 3894 et
2632 3816 2756 3919 qui
2813 3833 3068 3894 contra
3123 3813 3374 3893 fecerit
3448 3814 3689 3894 soluat
3744 3842 3878 3918 pro
3934 3842 4121 3919 pena
4180 3814 4351 3896 soli-

1167 3975 1308 4056 dos
1362 4003 1412 4055 x
1467 4004 1603 4081 pro
1659 3974 1989 4079 quolibet
2045 3973 2165 4053 die
2222 4000 2374 4077 quo
2432 3972 2712 4052 steterit
2769 3972 2860 4051 ad
2920 3971 3452 4051 extrahendum
3508 3971 3754 4075 paleas
3806 3971 4170 4076 predictas
4225 3975 4351 4105 qui

1165 4135 1526 4214 terminus
1580 4132 1774 4212 cride
1834 4134 1926 4212 sit
1979 4159 2084 4212 xv
2149 4130 2435 4228 dierum
2492 4093 2584 4210 ad
2641 4132 2889 4209 minus
2946 4149 3257 4235 excepto
3323 4128 3524 4234 quod
3580 4157 3621 4209 a
3677 4150 3949 4209 carrata
4005 4129 4139 4237 (2)
4203 4157 4351 4210 una

1167 4291 1349 4372 infra
1414 4292 1506 4371 de
1570 4290 1798 4395 paleis
1861 4290 2360 4394 congregatis,
2448 4307 2520 4367 et
2594 4286 2688 4367 de
2756 4315 2897 4367 una
2965 4306 3253 4395 carrata¹
3298 4286 3694 4393 palearum.
3761 4315 3898 4367 nec
3963 4287 4055 4367 de
4121 4286 4350 4393 paleis

1167 4450 1545 4555 spantiatis
1585 4447 1702 4526 uel
1740 4448 1832 4527 de
1869 4446 2100 4551 paleis
2148 4472 2381 4525 auene
2429 4473 2572 4549 que
2621 4463 3151 4549 reponerentur
3210 4472 3426 4525 causa
3472 4444 3716 4524 alendi
3764 4443 4056 4524 bestias.
4107 4444 4348 4549 aliqua

1169 4633 1481 4712 persona
1545 4631 1700 4684 non
1762 4622 2094 4683 teneatur
2163 4602 2254 4681 de
2321 4601 2562 4706 aliqua
2618 4629 2827 4705 pena.
2897 4621 2969 4681 et
3031 4620 3363 4707 potestas
3417 4628 3573 4681 non
3635 4602 3872 4705 possit
3939 4600 4110 4681 inde
4176 4601 4348 4681 dare

1168 4764 1541 4843 licentiam
1596 4761 1811 4841 alicui
1868 4787 2207 4866 persone.
2269 4779 2342 4839 et
2400 4761 2458 4839 si
2515 4758 2757 4863 aliqua
2801 4786 3116 4864 persona
3171 4758 3678 4839 contrafecerit
3728 4778 3800 4839 et
3855 4788 3896 4838 a
3953 4759 4156 4838 dicto
4211 4778 4349 4839 ter-

1166 4922 1378 5001 mino
1417 4920 1600 5000 ultra
1641 4919 1874 4999 ullum
1932 4917 2340 5023 dampnum
2397 4916 2655 4997 datum
2712 4916 2926 4998 fuerit
2982 4919 3057 4998 in
3118 4916 3350 4998 bladis
3404 4917 3524 4998 uel
3580 4921 3797 5031 rebus
3832 4917 4157 5022 predicte
4193 4944 4350 5021 per-

1168 5106 1351 5158 sone
1427 5075 2015 5158 contrafacientis
2087 5075 2374 5155 nullum
2450 5077 2778 5154 bannum
2850 5074 2969 5154 uel
3046 5074 3359 5155 emenda
3432 5074 3566 5183 (3)
3641 5074 3966 5155 soluatur
4041 5075 4347 5154 durante

1168 5237 1532 5341 regimine
1588 5235 1973 5341 potestatis
2028 5233 2205 5314 dicti
2260 5233 2641 5337 temporis
2685 5233 3026 5312 eamdem
3063 5259 3331 5337 penam
3370 5234 3772 5313 substineat
3827 5231 4151 5337 quelibet
4196 5261 4351 5336 per-

1172 5423 1354 5476 sona
1410 5421 1552 5499 que
1607 5394 1971 5499 possuerit
2026 5391 2306 5496 aliquas
2361 5418 2644 5471 messes
2706 5390 2826 5471 uel
2908 5391 3479 5496 congregauerit
3534 5391 3609 5469 in
3666 5389 3838 5470 uilla
3895 5393 4346 5471 baennarum

1172 5553 1496 5658 exceptis
1549 5553 1994 5631 mexonibus
2049 5551 2678 5629 mexonariorum.
2739 5569 2812 5630 et
2868 5549 3067 5629 idern
3124 5547 3576 5652 intelligatur
3632 5548 3723 5627 de
3781 5547 3979 5627 folia.
