5117 6834
375 720 472 773 22

370 2804 462 2881 23

2275 296 2376 397 V

733 613 1136 819 QOD
1191 695 1718 777 EXTRANEI
1773 695 2010 777 NON
2064 696 2566 778 PORTENT
2619 696 2917 780 ARMA
2972 697 3160 779 PER
3212 697 3626 779 UILLAM.

859 947 1047 1148 Q
1069 1063 1226 1120 ΤΕΜ
1279 1038 1483 1143 quod
1540 1041 1865 1119 extranei
1920 1039 2045 1144 qui
2101 1041 2434 1119 uenerint
2491 1041 2566 1118 in
2632 1042 2938 1120 baennis
2993 1041 3069 1120 in
3140 1040 3464 1145 predicta
3525 1040 3700 1120 uilla
3764 1068 3921 1121 non

743 1214 1040 1300 portent
1094 1223 1231 1276 nec
1284 1215 1575 1301 portare
1614 1196 1930 1276 debeant
1983 1223 2208 1276 arma.
2267 1198 2359 1276 Et
2414 1197 2688 1303 hospes
2726 1199 2802 1277 in
2840 1198 3047 1278 cuius
3084 1198 3415 1302 hospitio
3452 1197 3556 1278 illi
3595 1199 3921 1278 extranei

744 1355 900 1433 siue
937 1352 1179 1458 aliqua
1213 1381 1528 1458 persona
1585 1372 1926 1434 extranea
1979 1354 2330 1460 hospitati
2367 1354 2634 1434 fuerint
2688 1374 3021 1435 teneatur
3069 1375 3141 1435 et
3179 1355 3442 1435 debeat
3479 1344 3920 1436 denunciare

742 1513 849 1591 eis
904 1511 1107 1615 quod
1163 1511 1540 1591 dimittant
1592 1539 1794 1591 arma
1850 1512 1924 1591 in
1980 1512 2333 1617 hospitio.
2411 1531 2485 1591 et
2541 1513 2603 1591 si
2656 1530 3053 1617 postquam
3133 1539 3262 1618 per
3334 1512 3609 1593 dictam
3663 1511 3921 1593 uillam

739 1695 942 1748 arma
993 1687 1370 1774 portarent
1424 1670 1765 1749 amittant
1820 1670 1974 1775 ipsa
2029 1696 2254 1750 arma.
2303 1671 2395 1749 Et
2431 1670 2707 1775 hospes
2744 1671 2806 1749 si
2843 1697 2998 1749 non
3037 1670 3511 1751 denunciaret
3566 1690 3649 1750 ut
3704 1697 3919 1776 supra

739 1826 1028 1906 amittat
1082 1853 1217 1931 pro
1272 1825 1596 1931 qualibet
1641 1827 1802 1906 uice
1852 1825 2138 1907 solidos
2183 1855 2258 1909 111
2303 1846 2656 1907 astenses
2708 1847 2782 1907 et
2827 1828 2972 1907 hoc
3020 1828 3160 1907 nisi
3204 1828 3412 1908 fieret
3472 1828 3564 1908 de
3625 1827 3921 1909 licentia

738 1983 1126 2087 potestatis
1179 1982 1298 2063 uel
1356 1983 1616 2063 iudicis
1668 1983 1789 2064 uel
1845 1985 2166 2064 tenentis
2202 1983 2453 2064 locum
2509 1985 2865 2090 ipsorum.
2915 2004 2988 2064 et
3032 1985 3355 2089 quelibet
3403 2012 3719 2091 persona
3763 2006 3917 2066 tam

739 2139 1114 2221 familiaris
1173 2142 1562 2245 potestatis
1639 2169 1864 2246 quam
1918 2136 2058 2222 alia
2110 2169 2573 2247 quecumque
2628 2142 2917 2247 possint
2972 2143 3144 2223 inde
3198 2170 3558 2223 accusare.
3618 2162 3692 2223 et
3746 2170 3918 2223 cum

740 2299 1156 2378 iuramento
1212 2298 1566 2378 credatur.
1626 2318 1700 2379 et
1754 2299 2017 2379 habeat
2071 2300 2364 2379 tertiam
2418 2318 2702 2403 partem
2758 2298 3003 2379 banni.

723 2706 947 2871 DE
1003 2786 1633 2867 PETENTIBUS
1688 2785 2154 2866 DEBITUM
2207 2784 2402 2865 IAM
2454 2783 2980 2865 SOLUTUM.

853 3053 1043 3256 ΞΕ
1060 3181 1218 3237 ΤΕΜ
1272 3160 1371 3237 ob
1429 3156 1878 3237 creditorum
1916 3155 2501 3236 malitiossorum
2539 3155 2901 3236 malitiam
2938 3154 3446 3236 refrenandam
3502 3176 3575 3236 et
3636 3177 3717 3237 ut
3766 3185 3918 3239 ma-

735 3314 910 3394 litiis
964 3314 1295 3419 ipsorum
1349 3314 1585 3418 possit
1640 3312 2071 3418 diligentius
2153 3314 2456 3393 obuiari.
2516 3331 2872 3393 statutum
2939 3331 3013 3392 et
3066 3312 3490 3392 ordinatum
3546 3332 3658 3396 est
3712 3315 3915 3419 quod

734 3471 794 3551 si
848 3469 1111 3575 aliquis
1166 3468 1286 3550 uel
1338 3469 1580 3574 aliqua
1631 3496 1946 3576 persona
1983 3497 2235 3550 coram
2274 3470 2513 3550 iudice
2551 3468 2672 3549 uel
2708 3487 3073 3575 potestate
3111 3469 3234 3550 uel
3270 3470 3605 3575 ipsorum
3660 3470 3915 3552 locum

733 3627 1157 3708 tenentibus
1212 3628 1501 3733 petierit
1563 3627 1863 3733 aliquod
1918 3627 2254 3708 debitum
2309 3628 2402 3708 de
2458 3655 2610 3731 quo
2676 3628 2744 3708 ei
2808 3625 3262 3708 satisfactum
3325 3627 3562 3709 fuerit.
3620 3628 3741 3708 uel
3804 3631 3916 3710 in-

735 3803 1231 3866 strumentum
1285 3812 1539 3865 coram
1591 3784 1940 3891 predictis
1993 3786 2329 3889 personis
2381 3784 2809 3889 produxerit
2864 3783 2987 3864 uel
3041 3783 3134 3863 de
3187 3785 3366 3890 ipsis
3421 3812 3499 3864 se
3528 3747 3916 3865 ⁴iuuauerit

733 3942 854 4023 uel
909 3943 1156 4023 iuuare
1209 3943 1531 4023 uoluerit
1586 3942 1678 4022 de
1733 3969 1885 4047 quo
1941 3943 2437 4022 instrumento
2476 3942 2545 4022 ei
2582 3939 3033 4022 satisfactum
3072 3940 3285 4022 fuerit
3325 3940 3567 4022 soluat
3604 3943 3915 4023 nomine

731 4127 918 4205 pene
976 4119 1266 4182 tantum
1320 4119 1591 4205 quanta
1645 4099 1861 4181 fuerit
1914 4101 2281 4205 quantitas
2343 4126 2568 4204 quam
2622 4099 2914 4204 petierit
2969 4099 3061 4179 de
3118 4127 3261 4204 qua
3330 4100 3397 4180 ei
3462 4097 3915 4180 satisfactum

734 4259 848 4339 sit.
888 4257 1253 4340 Eamdem
1308 4285 1577 4364 penam
1632 4258 1946 4339 incurrat
2001 4256 2322 4362 quelibet
2402 4283 2719 4362 persona
2800 4283 2942 4360 que
3023 4274 3224 4362 petet
3280 4255 3614 4337 debitum
3668 4255 3915 4338 alieno

732 4417 1040 4496 nomine
1097 4416 1255 4496 siue
1307 4434 1508 4521 petat
1570 4416 1648 4495 in
1711 4433 1880 4496 toto
1927 4415 2082 4495 siue
2138 4416 2213 4494 in
2269 4433 2491 4519 parte.
2543 4412 2965 4494 dummodo
3010 4431 3211 4541 petat
3259 4414 3769 4518 quantitatem.
3819 4413 3914 4495 de

731 4601 872 4679 qua
928 4575 997 4653 ei
1052 4573 1504 4654 satisfactum
1577 4574 1693 4653 sit.
1763 4592 1836 4654 et
1900 4574 2474 4653 instrumentum
2557 4572 2714 4651 siue
2785 4572 3270 4652 instrumenta
3344 4570 3437 4651 de
3502 4571 3771 4676 quibus
3834 4598 3915 4654 se

734 4732 1091 4811 iuuauerit
1145 4730 1538 4810 reddantur
1594 4752 1668 4810 et
1721 4731 2190 4811 restituantur
2226 4755 2353 4833 per
2387 4746 2837 4834 potestatem
2872 4726 2994 4808 uel
3032 4729 3189 4808 eius
3236 4727 3487 4807 locum
3533 4746 3916 4809 tenentem

733 4888 1049 4968 debitori
1106 4889 1231 4993 qui
1287 4887 1754 4999 satisfecisset
1807 4887 1900 4967 de
1956 4887 2210 4967 debito
2267 4886 2709 4990 supradicto.
2759 4905 2833 4966 et
2876 4885 3022 4965 hoc
3067 4911 3224 4965 non
3268 4886 3506 4990 possit
3543 4886 3914 4965 remoueri

736 5045 1094 5126 conscilio
1147 5046 1269 5126 uel
1324 5044 1473 5125 alio
1529 5044 1790 5125 modo,
1850 5045 2056 5125 cuius
2109 5071 2296 5149 pene
2352 5044 2735 5124 medietas
2769 5043 2861 5123 sit
2914 5069 3229 5148 persone
3285 5043 3402 5121 cui
3458 5041 3644 5122 facta
3700 5042 3915 5123 fuerit

737 5205 930 5285 dicta
985 5204 1247 5309 petitio
1303 5202 1530 5284 debiti
1588 5201 1811 5282 soluti
1833 5229 1999 5323 stseu
2053 5221 2308 5282 contra
2345 5228 2567 5306 quam
2617 5228 2694 5281 se
2736 5201 3095 5281 iuuauerit
3149 5197 3270 5279 uel
3326 5199 3754 5304 produxerit
3810 5200 3919 5280 in-

739 5381 1230 5443 strumentum
1286 5360 1408 5441 uel
1464 5362 1949 5441 instrumenta
1993 5379 2074 5439 ut
2128 5359 2539 5465 predictum
2595 5377 2728 5438 est.
2786 5360 2878 5438 Et
2933 5355 3135 5461 quod
3191 5374 3519 5461 potestas
3579 5355 3702 5436 uel
3757 5358 3917 5439 eius

738 5526 986 5598 locum
1025 5538 1287 5599 tenens
1339 5518 1574 5622 possit
1630 5517 1722 5597 de
1777 5517 2122 5622 predictis
2158 5536 2230 5596 et
2269 5515 2599 5621 quolibet
2636 5515 3134 5619 predictorum
3173 5513 3533 5617 inquirere
3572 5514 3663 5593 ad
3702 5540 3913 5594 suam

802 5792 809 5799 -
899 5758 940 5809 2
