5117 6834
282 2010 285 2013 ¹
352 2050 506 2135 100

363 4675 494 4732 101

2170 330 2480 458 XXn

743 653 1005 755 gimen
1063 670 1136 731 et
1193 652 1518 732 ordinari
1573 681 1702 757 per
1758 653 1952 733 duos
2007 653 2359 734 homines
2416 655 2786 759 sapientes
2839 653 2932 734 ad
2989 654 3135 734 hoc
3194 653 3504 734 ellectos
3541 680 3671 758 per
3727 653 3938 734 ellec-

739 829 945 890 tores
1009 811 1358 889 comunis
1428 812 1880 890 baennarum
1939 840 2038 890 xx
2096 812 2446 892 custodes
2518 814 2849 916 priuatos
2903 813 3028 917 qui
3085 830 3472 892 teneantur
3511 813 3770 893 ¹iurare
3826 841 3937 892 ac-

741 995 996 1048 cusare
1054 995 1326 1050 omnes
1378 949 1736 1074 personas
1791 997 1935 1074 que
1991 971 2317 1075 ceperint
2372 970 2491 1050 uel
2551 970 3073 1051 boschauerint
3110 970 3231 1051 uel
3269 972 3572 1051 fecerint
3612 972 3687 1050 in
3719 970 3939 1051 dictis

741 1126 1043 1207 boschis
1098 1145 1358 1208 contra
1412 1127 1734 1207 formam
1791 1128 2284 1232 capitulorum
2341 1148 2414 1209 et
2470 1129 3165 1209 ordinamentorum
3240 1129 3604 1209 factorum
3660 1128 3781 1209 uel
3839 1129 3934 1209 fa-

742 1284 1181 1365 ciendorum
1236 1305 1310 1365 et
1363 1286 1654 1390 possint
1710 1305 1784 1365 et
1840 1286 2157 1367 debeant
2197 1314 2539 1367 accusare
2589 1286 3219 1368 contrafacientes,
3280 1289 3441 1392 ipsi.
3502 1308 3574 1368 et
3629 1287 3936 1393 quilibet

740 1444 1074 1547 ipsorum
1151 1463 1225 1524 et
1300 1445 1366 1525 ei
1441 1445 1860 1526 iuramento
1944 1432 2278 1526 credatur
2361 1468 2434 1526 et
2502 1447 2767 1528 habeat
2839 1447 3143 1527 terciam
3211 1466 3495 1551 partem
3568 1447 3790 1526 banni
3865 1466 3937 1527 et

739 1619 1081 1681 teneatur
1137 1604 1492 1707 priuatus,

736 1937 975 2098 AD
1056 2011 1900 2095 CONSERUANDOS
1963 2009 2447 2093 BOSCHOS
2520 2010 2780 2093 1²1le
2851 2009 3506 2093 BAENNARUM
3567 2012 3640 2092 A
3705 2011 3919 2094 PER-

1048 2170 1350 2252 SONIS
1404 2170 2012 2253 EXTRANEIS.

971 2397 1043 2488 52

869 2493 940 2579 ⁷355
969 2452 1034 2577 ir}
1060 2524 1218 2579 TEM
1273 2498 1365 2577 ad
1423 2498 1982 2578 conseruandos
2039 2498 2367 2579 boschos
2420 2498 2594 2579 finis
2652 2500 3103 2578 baennarum
3144 2516 3501 2578 statutum
3561 2517 3672 2579 est
3730 2500 3931 2604 quod

743 2676 1078 2762 potestas
1133 2676 1468 2738 teneatur
1504 2659 1741 2738 facere
1783 2657 1990 2761 elligi
2047 2658 2241 2737 duos
2278 2657 2632 2737 homines
2671 2658 3039 2762 sapientes
3075 2655 3258 2737 infra
3297 2684 3642 2738 mensem
3699 2685 3934 2738 unum

746 2835 1150 2922 postquam
1204 2817 1551 2896 iurauerit
1605 2817 1948 2920 regimen
2014 2843 2256 2896 suum.
2316 2817 2440 2920 qui
2499 2817 2868 2920 sapientes
2948 2835 3336 2895 teneantur
3418 2817 3651 2897 iurare
3709 2817 3945 2897 facere

745 2975 1107 3055 custodiri
1167 2994 1241 3055 et
1298 2974 1561 3055 saluari
1617 2977 1947 3055 boschos
2001 2974 2533 3055 iurisdictionis
2591 2974 3041 3054 baennarum
3093 3004 3135 3054 a
3190 2977 3532 3080 personis
3581 2977 3950 3056 extraneis

750 3154 824 3215 et
878 3134 1116 3214 facere
1172 3135 1494 3214 accusari
1550 3161 1906 3239 personas
1955 3129 2347 3215 'extraneas
2402 3161 2545 3239 que
2584 3135 2662 3213 in
2701 3133 2918 3214 dictis
2971 3132 3272 3214 boschis
3326 3133 3794 3214 offenderent
3829 3133 3950 3214 uel

742 3292 1052 3372 fecerint
1108 3310 1366 3371 contra
1421 3290 1743 3372 formam
1800 3290 2295 3396 capitulorum
2351 3291 2474 3372 uel
2530 3291 3226 3372 ordinamentorum
3265 3311 3339 3371 et
3376 3291 3578 3397 quod
3635 3292 3944 3396 predicti

747 3451 964 3531 electi
1019 3449 1337 3529 habeant
1390 3450 1688 3553 plenam
1728 3449 2051 3552 bayliam
2089 3449 2437 3529 mittendi
2475 3449 2570 3529 de
2608 3449 3045 3529 hominibus
3086 3451 3535 3529 baennarum
3572 3449 3665 3529 ad
3706 3439 3949 3531 dictos

750 3606 1081 3688 boschos
1135 3606 1672 3688 custodiendos
1728 3626 1801 3686 et
1855 3607 1949 3687 ad
2007 3608 2436 3688 instantiam
2491 3607 2996 3712 predictorum
3052 3625 3385 3687 teneatur
3421 3626 3754 3712 potestas
3790 3635 3946 3712 pre-

732 3768 987 3873 cipere
1042 3768 1383 3872 personis
1456 3794 1638 3871 quas
1694 3767 1762 3846 ei
1817 3767 2372 3846 nominauerint
2454 3765 2761 3871 predicti
2837 3766 3205 3870 sapientes
3260 3766 3462 3869 quod
3520 3765 3794 3845 uadant
3852 3766 3945 3846 ad

746 3926 1285 4007 custodiendos
1341 3925 1672 4005 boschos
1726 3925 2102 4030 predictos
2160 3942 2234 4004 et
2290 3924 2493 4028 quod
2550 3933 2897 4004 accusent
2934 3922 3544 4002 contrafacientes
3583 3928 3717 4003 sub
3754 3952 3945 4029 pena

744 4084 1166 4164 solidorum
1223 4111 1299 4165 111
1358 4111 1492 4188 pro
1549 4082 1909 4188 quolibet.
1951 4110 2175 4189 quam
2213 4109 2484 4188 penam
2531 4081 2857 4186 quelibet
2895 4061 3210 4185 persona
3249 4108 3391 4185 que
3430 4082 3946 4163 contrafacerit

748 4245 1093 4324 incurrat.

737 4574 957 4782 DE
1012 4654 1518 4735 DUCENDO
1575 4653 1966 4750 AQUAM
2020 4652 2367 4733 BEALIS
2449 4664 2585 4772 (1)
2617 4652 2751 4733 BA
2763 4653 3302 4735 ENNARUM.

877 4879 940 4954 ias
973 4881 1047 4950 ‘5235

871 4899 1035 5060 'ils-*3
1064 5010 1222 5066 TEM
1278 5002 1637 5066 statutum
1676 5002 1787 5064 est
1825 4984 2030 5090 quod
2067 5002 2400 5089 potestas
2435 4960 2770 5062 teneatur
2805 4980 3041 5061 facere
3079 4980 3248 5060 duci
3288 4979 3642 5059 continue
3669 5004 3939 5081 aquam

745 5163 818 5224 et
857 5144 950 5224 de
988 5171 1176 5248 aqua
1212 5143 1444 5224 bealis
1473 5171 1604 5248 per
1639 5143 1881 5223 rianas
1926 5161 2130 5222 ruate
2160 5142 2425 5247 platee.
2460 5170 2503 5220 a
2531 5140 2769 5221 domo
2800 5139 3008 5220 odini
3049 5137 3142 5219 de
3182 5156 3666 5241 costamagna
3703 5160 3939 5240 usque

742 5302 836 5382 ad
890 5321 1187 5409 portam
1236 5301 1662 5383 inferiorem
1707 5328 1846 5407 pro
1893 5300 2291 5405 sayuandis
2328 5298 2463 5407 (2)
2502 5300 2687 5379 ortis
2734 5297 3151 5402 bergognie
3200 5295 3336 5403 (3)
3393 5315 3466 5375 et
3522 5320 3749 5375 cuzee
3805 5292 3940 5400 (4)

743 5481 819 5542 et
889 5462 1124 5543 facere
1207 5462 1449 5543 claudi
1534 5480 1606 5541 et
1683 5461 1958 5565 stopari
2033 5460 2309 5540 fossata
2391 5457 2753 5562 ayralium
2836 5474 2910 5536 et
2977 5454 3151 5535 alibi
3232 5452 3627 5534 bealeriam
3709 5450 3939 5533 bealis

656 5660 663 5667 ·
742 5622 948 5727 quod
979 5621 1174 5702 dicta
1230 5649 1416 5727 aqua
1473 5619 1787 5701 sufficiat
1841 5646 1979 5725 pro
2035 5617 2492 5698 molendinis
2529 5616 2664 5723 (5)
2704 5633 2779 5695 et
2815 5641 2949 5719 pro
3005 5612 3223 5694 dictis
3278 5611 3461 5692 ortis
3516 5612 3934 5716 sayuandis.
