5117 6834
2125 352 2536 505 XXIIII

760 637 1084 742 aliquem
1140 636 1476 742 gladium
1535 638 1600 717 ei
1658 638 2071 741 prestitum.
2130 636 2250 717 uel
2308 639 2433 741 qui
2490 638 2735 742 ipsum
2789 639 3193 741 acciperet.
3276 635 3399 716 uel
3481 637 3621 715 nisi
3706 637 3951 741 ipsum

761 794 1099 900 gladium
1153 814 1480 899 portaret
1534 794 1627 874 ad
1683 795 2170 875 amolandum
2228 794 2364 902 (1)
2445 795 2567 875 uel
2622 794 2714 875 ad
2771 793 3151 889 ferrerium
3207 823 3344 899 pro
3399 793 3747 899 aptando.
3808 795 3951 873 nisi

762 972 1010 1034 essent
1084 952 1598 1033 macellatores
1662 952 1783 1040 uel
1850 953 2188 1058 magistri
2268 954 2595 1033 manerie
2672 972 2933 1033 euntes
3005 980 3178 1032 cum
3252 942 3522 1057 gladiis
3587 953 3953 1058 pertinen·

757 1113 957 1192 tibus
1011 1111 1102 1191 ad
1162 1138 1424 1192 eorum
1490 1110 1737 1191 officia
1802 1131 1875 1191 et
1939 1112 2015 1191 in
2081 1080 2228 1192 isto
2294 1139 2466 1193 casu
2531 1110 2836 1191 baculus
2900 1138 3057 1192 non
3114 1109 3570 1216 intelligatur
3628 1111 3947 1216 gladius.

758 1270 852 1350 Et
909 1271 968 1350 si
1026 1269 1288 1374 aliquis
1343 1271 1582 1349 homo
1641 1289 2029 1350 extraneus
2084 1271 2486 1374 portauerit
2522 1270 2847 1374 aliquem
2886 1269 3223 1375 gladium
3280 1289 3593 1373 excepto
3649 1269 3949 1350 entello,

760 1427 1002 1508 soluat
1055 1456 1193 1533 pro
1247 1455 1437 1532 pena
1494 1427 1782 1508 solidos
1834 1455 1910 1507 x.
1970 1429 2276 1532 quocies
2331 1427 2863 1509 contrafecerit.
2923 1429 3066 1508 nisi
3121 1427 3425 1508 haberet
3479 1425 3854 1509 licentiam
3909 1456 3953 1507 a

709 1617 713 1620 ⁴
760 1586 1122 1667 conscilio
1177 1589 1629 1667 baennarum
1688 1587 1813 1691 qui
1870 1587 2218 1668 securitas
2274 1613 2352 1667 se
2409 1586 2699 1692 obliget
2754 1586 2847 1667 ad
2902 1614 3174 1692 penam
3231 1586 3580 1667 librarum
3637 1613 3682 1666 L
3712 1606 3951 1667 asten-

760 1747 954 1826 sium
1012 1744 1453 1824 soluendam
1511 1745 1572 1825 si
1627 1743 1842 1824 fuerit
1897 1714 2431 1824 contrafactum
2486 1744 2675 1824 ultra
2730 1771 2959 1849 penas
3013 1745 3090 1824 in
3146 1744 3483 1850 capitulis
3538 1764 3951 1826 contentaS.

761 1919 834 1980 et
870 1920 1162 1982 tantum
1218 1902 1310 1982 ad
1367 1903 1733 1982 maiorem
1790 1921 1864 1982 et
1922 1904 2296 1983 minorem
2341 1930 2614 2007 penam
2653 1921 3014 2009 quantum
3055 1902 3560 1983 ordinauerint
3597 1902 3953 1984 dominus

760 2079 1092 2165 potestas
1145 2060 1267 2140 uel
1323 2087 1375 2141 x
1433 2062 1801 2166 sapientes
1855 2060 1947 2140 ad
2005 2061 2151 2140 hoc
2209 2060 2423 2141 electi
2480 2060 2708 2141 nichil
2761 2061 3163 2142 attinentes
3217 2061 3434 2142 dictis
3469 2063 3818 2167 partibus.
3860 2063 3953 2142 Et

760 2246 1148 2325 quousque
1203 2220 1438 2299 dictas
1492 2220 1919 2300 securitates
1972 2220 2421 2324 prestiterint
2476 2246 2635 2299 non
2679 2220 2917 2324 possit
2954 2219 3196 2325 aliqua
3231 2246 3549 2325 persona
3587 2221 3680 2300 de
3736 2221 3954 2301 dictis

758 2377 1085 2482 partibus
1141 2378 1339 2458 exire
1396 2377 1713 2458 domum
1771 2405 1982 2458 suam
2040 2377 2173 2458 sub
2229 2405 2417 2483 pena
2473 2377 2799 2482 predicta
2854 2406 2992 2483 pro
3048 2377 3373 2483 qualibet
3428 2380 3630 2458 uice:

375 2742 518 2820 108
746 2678 1153 2885 QOD
1209 2756 1660 2838 GRANUM
1716 2757 1850 2836 DE
1904 2755 2139 2835 FINE
2174 2754 2491 2852 LEQUI
2531 2754 3044 2860 ⁴DUCATUR
3097 2754 3208 2835 IN
3262 2751 3726 2833 BAENNIS.

233 4362 278 4484 ὀ
379 4389 516 4467 109

761 3224 910 3305 fine
966 3224 1164 3329 lequi
1217 3244 1552 3305 teneatur
1608 3243 1681 3304 et
1736 3223 2006 3304 debeat
2058 3223 2327 3304 ducere
2382 3223 2503 3304 uel
2558 3223 2728 3303 duci
2784 3222 3019 3304 facere
3104 3249 3423 3326 granum
3479 3222 3681 3327 quod
3738 3221 3955 3303 fuerit

763 3383 840 3462 in
877 3382 1224 3487 predictis
1275 3383 1877 3488 possessionibus
1913 3383 1989 3461 in
2026 3381 2282 3462 uillam
2337 3383 2815 3461 baennarum.
2856 3381 2951 3460 Et
2987 3381 3111 3485 qui
3152 3379 3664 3461 contrafecerit
3711 3379 3956 3461 soluat

761 3569 897 3646 pro
951 3568 1142 3646 pena
1196 3567 1333 3646 pro
1389 3540 1713 3645 qualibet
1794 3559 2069 3620 carrata
2149 3538 2439 3620 solidos
2490 3566 2592 3620 Lx
2650 3559 2724 3621 et
2777 3566 2915 3644 pro
2970 3540 3250 3620 asinata
3335 3538 3625 3620 solidos
3687 3566 3820 3620 xx.
3880 3558 3955 3619 et

763 3701 888 3803 qui
942 3714 1268 3805 portaret
1323 3726 1538 3804 super
1592 3700 1903 3779 dorsum
1942 3668 2230 3779 solidos
2283 3725 2358 3779 v.
2417 3717 2494 3779 et
2546 3699 2838 3779 amittat
2876 3725 3218 3803 granum.
3259 3716 3334 3779 et
3369 3696 3678 3804 quilibet
3713 3697 3954 3778 homo

766 3858 960 3937 bone
1016 3856 1211 3937 fame
1266 3857 1505 3963 possit
1559 3883 1898 3937 accusare
1965 3855 2576 3937 contrafacientes
2633 3875 2706 3936 et
2761 3855 3099 3937 credatur
3180 3855 3632 3935 accusationi
3693 3881 3821 3935 sue
3881 3872 3958 3934 et

761 4015 1026 4096 habeat
1080 4017 1374 4097 tertiam
1431 4035 1713 4121 partem
1771 4015 2017 4095 banni.

756 4296 978 4462 DE
1031 4375 1378 4463 TERRA
1430 4381 1671 4463 NON
1726 4379 2245 4461 CAPIENDA
2299 4378 2487 4460 PER
2540 4377 2809 4459 UIAM
2864 4316 3439 4459 CANALETE.

1007 4680 1024 4697 κ1

894 4701 960 4780 {⁶15
990 4680 1061 4784 εξ
1082 4727 1239 4781 ΤΕΜ
1293 4721 1650 4785 statutum
1716 4721 1828 4783 est
1890 4700 2104 4807 quod,
2141 4699 2384 4806 aliqua
2438 4726 2755 4805 persona
2809 4726 2964 4778 non
3019 4699 3259 4804 possit
3312 4725 3451 4779 nec
3523 4696 3789 4779 debeat
3842 4726 3957 4779 ca·

760 4890 930 4943 uare
985 4862 1106 4943 uel
1161 4889 1417 4967 capere
1473 4861 1798 4965 aliquam
1853 4878 2126 4939 terram
2180 4858 2258 4938 in
2313 4858 2434 4937 uia
2512 4856 2805 4963 publica
2877 4884 3022 4963 que
3078 4856 3284 4937 uadit
3334 4883 3596 4937 uersus
3650 4884 3949 4937 crucem

762 5020 1088 5101 canalete
1125 5049 1168 5101 a
1203 5019 1394 5101 beali
1451 5047 1583 5100 sen
1638 5017 1863 5122 ayrali
1918 5044 2266 5098 ursorum
2320 5043 2553 5123 usque
2610 5016 2701 5097 ad
2759 5034 3173 5097 monetam.
3233 5016 3369 5095 sub
3423 5042 3615 5120 pena
3672 5014 3955 5096 solido-

760 5208 926 5260 rum
993 5207 1070 5260 111
1139 5207 1275 5285 pro
1347 5178 1671 5284 qualibet
1741 5204 2058 5284 persona
2130 5178 2811 5283 quocienscumque
2884 5172 3417 5256 contrafecerit.
3493 5193 3567 5254 et
3629 5173 3957 5280 quelibet

760 5364 1076 5442 persona
1129 5337 1368 5442 possit
1421 5336 1595 5417 inde
1649 5362 1987 5416 accusare
2045 5353 2120 5416 et
2175 5335 2242 5415 ei
2296 5335 2719 5415 iuramento
2775 5361 2914 5414 suo
2970 5333 3330 5414 credatur.
