5117 6834
1192 549 1527 651 Conatio
1575 589 1826 647 octaua
1870 582 2191 647 videlicet
2236 585 2321 646 de
2369 583 2698 647 omnibus
2741 583 2878 649 uiis
2923 584 3203 649 fossatis
3271 590 3340 648 et
3406 587 3835 651 eomunaeiis
3887 591 4385 666 pertinentibus

1188 727 1278 788 ad
1324 725 1651 802 predicta.
1694 729 1772 787 ut
1813 724 1997 787 infra
2041 724 2450 788 continetur.

1180 1059 1257 1161 f·
1361 1114 1575 1164 Lxxm.
1646 1043 1797 1215 ρει
1844 1095 2401 1165 aterminatoribus
2472 1096 2779 1185 eligendis
2848 1099 2957 1186 qui
3026 1096 3293 1165 debeant
3353 1068 3736 1165 aterminare
3782 1117 4060 1165 comune
4105 1096 4182 1164 ab
4236 1096 4352 1167 illo

1975 1263 2327 1353 aliquarum
2371 1287 2791 1355 personarum
2838 1265 3228 1354 specialium.

1176 1459 1253 1561 f·
1335 1517 1568 1565 Lxxvn.
1642 1447 1924 1633 Quod
1968 1503 2188 1570 omnia
2234 1504 2535 1571 comunia
2584 1502 3090 1571 determinentur
3131 1510 3197 1571 in
3245 1502 3557 1593 paschuis.

1637 1696 1791 1860 De
1837 1750 1941 1817 uia
1985 1751 2215 1838 guacii.

1172 1958 1247 2059 f.
1309 2016 1564 2065 Lxxvm.
1637 1950 1797 2112 De
1846 2001 2087 2076 fossato
2135 1997 2421 2066 faciendo
2472 2020 2586 2088 per
2633 1999 2871 2065 cimam
2917 1998 3268 2065 uinearum.

1630 2195 1915 2373 ῼυοά
1959 2248 2133 2314 riana
2179 2202 2517 2312 remaneat.
2545 2241 2852 2333 expedita.

1166 2456 1240 2557 f·
1278 2514 1558 2563 Lxxvnn.
1627 2442 1790 2617 Pe
1837 2492 2087 2561 fossatis
2133 2490 2415 2579 canalete

1626 2689 1781 2856 Ee
1825 2761 1986 2828 aqua
2031 2761 2154 2827 que
2201 2755 2488 2805 uersatur
2533 2735 2612 2804 de
2658 2734 2998 2805 canalibus.

1597 2936 1784 3100 ..De
1832 2987 1954 3053 uiis
1999 2983 2267 3075 publicis
2312 2983 2691 3074 aperiendis

1628 3183 1780 3345 De
1825 3231 2381 3302 aterminatoribus
2427 3248 2490 3299 et
2537 3253 2765 3299 eorum
2812 3232 3175 3342 iuramentq
3222 3252 3410 3320 super
3454 3231 3598 3298 uiis.

1624 3433 1779 3555 De
1825 3480 2065 3549 fossato
2111 3478 2400 3547 faciendo
2444 3478 2515 3545 in
2557 3476 2684 3545 fine
2730 3477 2920 3566 lequi.

1652 3587 1761 3612 ...-

1166 3689 1242 3791 f-
1364 3745 1556 3794 Lxxx.
1626 3677 1780 3846 Ee
1827 3727 2068 3798 fossato
2112 3728 2218 3795 uie
2262 3724 2526 3815 pernalli
2558 3724 3047 3793 manutenendo.

1623 3926 1774 4089 I—Je
1820 3978 1924 4045 uia
1965 3974 2265 4043 comunis
2310 3994 2442 4041 non
2488 3969 2816 4060 stopanda.

1622 4169 1900 4355 Qod
1943 4221 2246 4290 comunia
2291 4235 2702 4307 costemagne
2749 4216 3269 4284 determinentur.

1618 4419 1775 4586 De
1820 4469 2021 4537 cessia
2067 4464 2401 4557 plantanda
2444 4466 2512 4533 in
2559 4462 2801 4533 fossato
2847 4461 3177 4550 ayralium.

1618 4662 1896 4848 Qod
1941 4712 2305 4801 designetur
2359 4709 2463 4778 uia
2509 4731 2544 4776 a
2592 4708 2696 4776 uia
2743 4707 2942 4775 sancti
2987 4705 3197 4776 iacobi
3243 4728 3449 4796 supra.

1145 4911 1221 5018 f·
1324 4974 1544 5024 Lxxm.
1618 4908 1900 5081 Quod
1943 4961 2048 5028 uia
2093 4957 2201 5027 fiat
2249 4979 2518 5047 agusta
2564 4977 2752 5046 supra
2797 4976 2978 5022 secus
3023 4970 3289 5022 costam.

1604 5158 1769 5331 Pe
1818 5210 1921 5277 uia
1967 5205 2355 5297 designanda
2400 5228 2435 5273 a
2482 5206 2588 5272 uia
2633 5201 2974 5271 marencha
3018 5222 3217 5290 usque
3263 5197 3344 5266 ad
3392 5196 3734 5266 benallum.

1614 5404 1767 5529 De
1814 5454 2069 5525 fossatis
2115 5450 2420 5522 faciendis
2466 5471 2654 5541 super
2698 5450 2874 5517 uiam
2921 5447 3235 5515 maiorem
3280 5442 3531 5513 banalli.
