5117 6834
326 1883 427 1960 86

2055 302 2415 406 XVIII

673 622 897 788 DE
951 701 1658 786 SOLUENTIBUS
1712 700 2154 785 FODRUM
2206 701 2319 784 IN
2370 700 2759 782 BENNIS.

798 942 989 1147 Q
1013 1069 1169 1124 TEM
1227 1062 1583 1124 statutum
1641 1064 1751 1124 est
1807 1046 2008 1149 quod
2050 1047 2110 1125 si
2148 1046 2388 1151 aliqua
2443 1074 2761 1152 persona
2809 1051 3088 1129 steterit
3142 1049 3262 1130 uel
3317 1050 3751 1131 habitauerit
3790 1053 3864 1131 in

702 1201 879 1281 uilla
944 1203 1352 1281 bennarum
1416 1200 1602 1281 ultra
1665 1229 1945 1282 annum
2009 1221 2344 1283 teneatur
2400 1223 2472 1283 et
2527 1204 2791 1285 debeat
2855 1206 3142 1287 soluere
3207 1206 3503 1287 fodrum
3560 1226 3633 1287 et
3687 1207 3866 1287 alias

695 1358 1212 1447 condictiones
1249 1357 1656 1438 bennarum
1684 1387 1829 1464 pro
1867 1361 2271 1464 quantitate
2330 1361 2703 1441 bonorum
2743 1362 3420 1443 sibiinuenitorum
3458 1391 3599 1468 que
3645 1391 3864 1469 quan·

695 1517 867 1595 titas
905 1516 998 1595 sit
1036 1515 1127 1594 ad
1167 1516 1414 1595 minus
1452 1516 1866 1596 solidorum
1901 1544 2002 1598 Lx
2041 1538 2114 1597 et
2151 1535 2483 1598 teneatur
2519 1517 2753 1598 facere
2795 1518 3126 1624 sequelas
3162 1519 3296 1627 (1)
3333 1522 3704 1625 potestati.

674 1796 1081 2004 QOD
1163 1877 1565 1961 NULLUS
1647 1876 1979 1960 HOMO
2061 1877 2641 1961 BENNARUM
2728 1877 3085 1960 POSSIT
3164 1877 3395 1960 ESSE
3473 1877 3852 1961 PROCU-

987 2035 1354 2118 RATOR
1423 2034 1982 2117 EXTRANEE
2054 2035 2542 2117 PERSONE.

804 2257 992 2461 Q
1015 2383 1172 2437 TEM
1227 2375 1581 2436 statutum
1638 2375 1749 2436 est
1805 2356 2006 2460 quod
2062 2354 2308 2436 nullus
2362 2358 2602 2436 1101110
2665 2358 3070 2435 bennarum
3134 2358 3368 2460 possit
3424 2355 3542 2435 uel
3609 2356 3867 2437 debeat

698 2542 861 2596 esse
916 2533 1344 2618 procurator
1398 2512 1702 2593 alicuius
1756 2540 2070 2619 persone
2127 2532 2492 2593 extranee.
2543 2540 2680 2593 nec
2718 2512 2809 2592 ad
2850 2513 3016 2595 lites
3070 2532 3323 2593 contra
3346 2513 3678 2618 ‚aliquam
3715 2542 3869 2618 per-

700 2698 966 2754 sonam
1022 2670 1136 2751 uel
1193 2698 1547 2775 personas
1611 2670 2016 2749 bennarum
2082 2669 2215 2768 sub
2279 2696 2466 2774 pena
2535 2669 2949 2750 solidorum
3005 2696 3057 2750 x
3120 2697 3255 2774 pro
3319 2669 3640 2775 qualibet
3705 2673 3867 2750 uice

699 2857 842 2933 qua
896 2828 1425 2909 contrafecerit.
1483 2829 1575 2907 Et
1626 2828 1685 2907 si
1737 2826 1976 2932 aliqua
2031 2853 2344 2931 persona
2384 2826 2476 2905 de
2515 2826 2779 2907 bennis
2815 2830 3173 2932 aquireret
3217 2827 3494 2932 aliquas
3548 2828 3870 2908 rationes

699 2985 818 3065 uel
876 2984 1119 3065 debita
1173 2986 1263 3063 ab
1318 2983 1558 3088 aliqua
1611 3010 1925 3088 persona
1964 3002 2305 3063 extranea
2343 2983 2687 3063 eamdem
2725 3010 2993 3088 penam
3033 2983 3455 3063 substineat.
3497 3002 3570 3063 et
3607 2984 3869 3064 nichil-

699 3144 1003 3223 ominus
1058 3142 1235 3245 ipsis
1290 3141 1566 3220 iuribus
1619 3159 1865 3244 petere
1919 3141 2157 3244 possit
2214 3167 2342 3219 seu
2398 3141 2529 3220 uti.
2589 3141 2681 3219 Et
2736 3139 2882 3219 hoc
2938 3139 3387 3244 intelligatur
3427 3142 3485 3220 si
3514 3142 3871 3246 aquireret

698 3301 850 3379 iura
889 3298 1011 3378 1161
1046 3299 1378 3378 actiones
1429 3297 1844 3401 aliquorum
1901 3296 2345 3376 debitorum.
2387 3297 2527 3375 nisi
2567 3315 2814 3376 essent
2849 3296 2941 3375 ad
2971 3296 3162 3376 dicta
3218 3296 3461 3376 debita
3517 3297 3865 3402 obligata.

698 3456 792 3535 Et
845 3455 992 3535 hoc
1047 3452 1447 3558 capitulum
1502 3452 1754 3532 locum
1809 3452 2074 3533 habeat
2113 3454 2174 3532 si
2211 3454 2571 3557 aquireret
2625 3454 2779 3532 iura
2832 3453 3156 3557 predicta
3212 3473 3465 3533 contra
3518 3480 3870 3557 personas

699 3630 1102 3691 extraneas.
1162 3611 1301 3690 nisi
1359 3610 1479 3689 illa
1543 3636 1858 3714 persona
1920 3628 2115 3688 esset
2170 3608 2262 3687 de
2317 3609 2442 3687 tali
2499 3608 2673 3688 loco
2730 3610 2884 3688 siue
2954 3627 3163 3689 terra.
3238 3609 3439 3714 quod
3496 3610 3556 3689 si
3611 3609 3871 3714 aliquis

699 3767 822 3847 uel
876 3767 1116 3871 aliqua
1170 3766 1263 3847 de
1319 3767 1581 3846 bennis
1611 3732 1619 3740 .
1648 3765 1871 3845 uellet
1927 3767 2002 3845 in
2058 3765 2260 3844 dicto
2330 3764 2503 3844 loco
2562 3765 2717 3843 siue
2772 3782 2960 3844 terra
3024 3766 3468 3844 constituere
3535 3793 3869 3869 procura—

695 3942 941 4002 torem
998 3941 1072 4001 et
1124 3940 1379 4034 posset
1445 3923 1686 4026 ipsum
1742 3922 2190 4001 constituere
2257 3921 2413 4000 sine
2479 3920 2720 4024 aliqua
2786 3948 2975 4025 pena
3029 3920 3146 4000 uel
3210 3920 3459 4001 banno
3522 3920 3870 4025 imposita

694 4080 815 4160 uel
852 4078 1303 4183 imponenda
1332 4079 1648 4158 domino
1686 4079 1805 4158 uel
1842 4079 2319 4182 procuratori.
2362 4077 2636 4157 eodem
2674 4077 2911 4157 modo
2941 4077 3133 4157 dicta
3170 4104 3485 4182 persona
3525 4097 3866 4157 extranea

693 4238 933 4340 possit
989 4237 1433 4316 constituere
1489 4253 2042 4339 procuratorem
2097 4235 2174 4314 in
2231 4235 2433 4313 dicto
2490 4234 2664 4314 loco
2719 4238 3147 4313 bennarum.

681 4521 905 4686 DE
958 4601 1498 4704 CONZELIJS
1549 4601 1790 4684 NON
1843 4600 2395 4684 FACIENDIS.
2435 4558 2571 4666 (2)
2692 4723 2696 4728 ⁴

807 4817 1168 5022 Qum
1233 4932 1588 4993 statutum
1658 4932 1767 4993 est
1831 4913 2032 5017 quod
2099 4912 2296 4993 nulla
2360 4940 2675 5018 persona
2745 4932 3083 4993 extranea
3147 4912 3266 4992 1161
3329 4939 3469 5017 que
3527 4938 3679 4991 non
3748 4912 3867 4990 ha-

692 5072 953 5151 bitaret
1031 5073 1108 5150 in
1183 5072 1444 5151 bennis
1508 5069 1993 5174 undecunque
2060 5070 2154 5149 sit
2219 5069 2483 5150 debeat
2545 5069 2779 5151 facere
2860 5070 3179 5176 aliquam
3252 5066 3665 5148 conzeliam
3740 5094 3865 5147 seu

691 5226 1066 5307 conzelias
1147 5254 1275 5307 seu
1353 5227 1590 5332 aliqua
1664 5226 1803 5307 alia
1873 5227 2172 5330 ingenia
2242 5226 2572 5331 piscandi
2636 5228 2712 5307 in
2774 5226 2922 5307 fine
2995 5226 3399 5305 bennarum
3481 5224 3674 5328 lequi
3748 5223 3865 5303 1161

694 5401 1179 5489 costamagne
1236 5383 1369 5463 sub
1423 5410 1612 5487 pena
1670 5382 2083 5463 solidorum
2136 5408 2243 5462 xx
2299 5383 2704 5463 astensium
2757 5410 2892 5488 pro
2947 5381 3266 5487 qualibet
3320 5408 3635 5487 persona
3689 5408 3866 5485 quo·

692 5541 1153 5645 tiescumque
1219 5540 1491 5620 fecerit.
1557 5541 1651 5620 Et
1707 5540 1768 5620 si
1826 5567 1970 5645 qua
2034 5566 2347 5644 persona
2414 5559 2756 5620 extranea
2820 5533 3069 5620 fecerit
3122 5538 3419 5643 aliquod
3477 5539 3865 5642 ingenium
