5117 6834
851 695 944 773 61

1207 600 1430 766 DE
1484 679 2258 763 LIURATORIBUS.

1335 922 1522 1122 Q
1543 1030 1700 1084 TEM
1754 1022 2110 1084 statutum
2148 1023 2260 1085 est
2313 1004 2516 1109 quod
2574 1023 2905 1109 potestas
2955 1024 3288 1086 teneatur
3344 1025 3417 1086 et
3472 1004 3736 1086 debeat
3789 1006 3960 1089 dare
4018 1026 4091 1088 et
4146 1006 4384 1088 liurari

1227 1161 1460 1242 facere
1514 1162 1592 1241 in
1651 1160 1979 1241 solutum
2036 1160 2129 1241 de
2183 1161 2401 1242 rebus
2455 1129 2854 1242 malorum
2886 1162 3308 1244 debitorum
3365 1163 3872 1244 creditoribus,
3929 1163 4221 1244 Scilicet
4295 1165 4388 1244 de

1225 1293 1628 1399 mobilibus
1681 1346 1908 1399 unam
1962 1338 2343 1399 numatam
2424 1346 2562 1425 pro
2637 1318 2942 1399 denario
2996 1330 3150 1399 urio
3208 1338 3281 1399 et
3335 1320 3427 1400 de
3483 1319 3995 1401 immobilibus
4047 1340 4195 1401 tres
4249 1349 4389 1405 nu-

1225 1496 1461 1557 matas
1513 1504 1649 1581 pro
1705 1504 1755 1556 11
1809 1476 2125 1557 denariis
2163 1495 2236 1602 et
2274 1478 2418 1556 hoc
2455 1503 2612 1557 non
2651 1478 2888 1581 possit
2923 1478 3290 1557 remoueri
3346 1477 3706 1558 conscilio
3760 1477 3882 1558 uel
3936 1477 4085 1559 alio
4122 1478 4402 1571 moda,

1208 1856 1431 2022 DE
1488 1937 1804 2021 REBUS
1859 1938 2325 2019 LIURATIS
2378 1938 3114 2020 RESTITUENDIS
3168 1939 3866 2023 DEBITORIBUS.

1331 2152 1520 2355 Q
1537 2265 1695 2322 TEM
1751 2259 2107 2321 statutum
2146 2259 2258 2321 est
2305 2239 2507 2345 quod
2566 2240 2884 2320 creditor
2937 2238 3059 2319 uel
3112 2238 3294 2320 alter
3347 2242 3465 2320 cui
3519 2267 3637 2321 res
3691 2240 3998 2323 alicuius
4033 2242 4386 2323 debitoris

1222 2398 1478 2480 liurate
1533 2417 1606 2479 et
1663 2398 1831 2478 date
1887 2398 2153 2478 fuerint
2208 2398 2285 2476 in
2342 2396 2676 2477 solutum
2757 2422 2892 2502 pro
2975 2396 3227 2502 aliquo
3296 2396 3552 2478 debito
3606 2416 3940 2479 teneatur
3996 2418 4070 2479 et
4123 2399 4385 2482 debeat

1218 2556 1539 2637 relaxare
1597 2557 1891 2661 penitus
1963 2553 2344 2660 expeditas
2424 2580 2694 2635 omnes
2748 2523 2884 2635 'res
2966 2552 3103 2634 sibi
3179 2553 3475 2635 liuratas
3529 2573 3602 2635 et
3659 2554 3868 2636 datas
3923 2557 3999 2637 in
4055 2524 4384 2637 solutum

1220 2715 1403 2805 inira
1458 2741 1507 2792 x
1562 2738 1802 2793 annos
1854 2738 1990 2817 pro
2043 2729 2246 2791 tanta
2303 2729 2572 2816 quanta
2609 2709 2823 2791 fuerit
2859 2711 3226 2815 quantitas
3279 2729 3577 2816 propter
3632 2738 3856 2817 quam
3910 2710 4178 2793 fuerint
4228 2714 4382 2818 ipse

1219 2897 1337 2951 res
1395 2869 1650 2950 liurate
1706 2869 2152 2974 computatis
2207 2869 2433 2948 etiam
2490 2869 2834 2973 expensis
2871 2867 3080 2948 factis
3133 2894 3260 2973 per
3313 2869 3558 2973 ipsum
3596 2869 4043 2953 creditorem
4097 2870 4174 2951 in
4229 2871 4383 2975 ipsa

1219 3027 1608 3108 liuratione
1666 3044 1740 3106 et
1794 3025 2095 3107 datione
2154 3026 2231 3105 in
2288 3024 2618 3107 solutum
2681 3025 3076 3105 occasione
3132 3025 3456 3129 ipsarum
3509 2999 3756 3107 rerum
3802 3024 4227 3108 liuratarum
4263 3026 4382 3107 alii

1217 3184 1340 3266 uel
1393 3183 1556 3298 aliis
1614 3182 2100 3265 creditoribus
2153 3183 2383 3288 ipsius
2434 3181 2796 3264 debitoris
2848 3184 3056 3263 cuius
3110 3201 3318 3263 erant
3370 3209 3489 3265 res
3544 3181 3823 3265 liurate.
3901 3185 3961 3263 si
3999 3183 4202 3266 dicto
4239 3211 4384 3264 cre·

1217 3342 1440 3422 ditori
1498 3340 1787 3422 soluere
1842 3340 2162 3420 uoluerit
2216 3339 2552 3422 debitum
2610 3359 2684 3420 et
2743 3367 3100 3446 expensas
3173 3340 3557 3445 predictas
3625 3342 3782 3421 siue
3859 3342 4178 3423 anterior
4259 3341 4381 3422 ille

1216 3499 1333 3578 cui
1388 3497 1644 3579 liurate
1700 3496 1966 3578 fuerint
2021 3498 2177 3602 ipse
2231 3523 2350 3578 res
2401 3495 2618 3577 fuerit
2703 3498 2858 3578 siue
2938 3499 3327 3603 posterior.
3398 3497 3605 3578 saluo
3687 3497 3891 3602 quod
3963 3500 4382 3579 restituatur

1214 3655 1869 3736 melioramentum
1924 3654 2196 3735 factum
2251 3656 2328 3734 in
2383 3654 2601 3734 dictis
2683 3653 2901 3735 rebus
2967 3653 3243 3735 liuratis
3325 3655 3732 3736 secundum
3817 3620 4379 3737 extimationem

1214 3814 1741 3893 extimatorum
1814 3813 2178 3893 comunis.
2263 3811 2408 3892 hoc
2483 3810 2717 3892 saluo.
2775 3812 2977 3918 quod
3052 3813 3114 3892 si
3169 3839 3484 3917 persona
3546 3811 3669 3892 illa
3728 3814 3847 3893 cui
3902 3813 4157 3893 liurate
4223 3813 4380 3894 fue-

1212 3971 1358 4050 rint
1412 3970 1606 4050 dicte
1661 3997 1778 4051 res
1832 3969 2120 4050 soluere
2176 3969 2495 4050 uoluerit
2550 3988 2624 4049 et
2683 3969 2987 4050 soluerit
3041 3969 3246 4051 alteri
3304 3971 3647 4051 creditori
3685 3969 4019 4051 debitum
4055 3998 4190 4076 pro
4228 3999 4379 4076 quo

1212 4125 1499 4229 petierit
1551 4153 1669 4207 res
1723 4126 2015 4207 liuratas
2070 4125 2207 4206 sibi
2261 4128 2566 4208 restitui.
2612 4126 2814 4232 quod
2868 4154 3025 4208 non
3079 4145 3413 4208 teneatur
3467 4127 3543 4207 in
3599 4127 3744 4207 hoc
3804 4155 3975 4210 casu
4029 4127 4120 4208 ad
4176 4130 4379 4208 resti-

1211 4283 1581 4362 tutionem
1637 4310 1881 4362 rerum
1936 4282 2446 4388 predictarum.

1190 4657 1345 4820 D
1355 4737 1416 4817 E
1472 4737 1913 4823 SALARIO
1981 4739 2684 4845 LIURATORUM.

1314 5012 1392 5119 ἕξ
1426 4996 1489 5103 ’ᾖ
1528 5072 1685 5126 TEM
1731 5064 2085 5128 statutum
2125 5059 2237 5122 est
2272 5041 2475 5146 quod
2534 5043 2640 5124 illi
2679 5047 2802 5149 qui
2841 5046 3053 5126 electi
3107 5045 3373 5126 fuerint
3429 5046 3812 5129 liuratores
3847 5046 4219 5128 malorum
4256 5047 4377 5127 de-

1211 5203 1535 5286 bitorum
1591 5233 1748 5288 non
1785 5206 2100 5290 debeant
2152 5234 2289 5289 nec
2343 5207 2635 5313 possint
2688 5202 2955 5285 habere
3010 5204 3152 5285 nisi
3208 5205 3552 5286 denarios
3605 5231 3656 5285 11
3709 5231 3845 5309 pro
3900 5203 4080 5285 libra
4114 5205 4158 5245 ⁴*
4220 5223 4375 5285 tam

1209 5366 1286 5445 in
1340 5363 1512 5444 uilla
1567 5363 2016 5446 baennarum
2100 5385 2173 5446 et
2256 5385 2457 5446 extra
2509 5365 2554 5405 ⁴‘
2609 5384 2683 5445 et
2736 5393 2779 5445 a
2835 5363 3094 5445 solidis
3146 5391 3246 5444 xx
3302 5361 3485 5443 infra
3564 5362 3907 5444 totidem.
3964 5362 4059 5443 Et
4112 5360 4375 5443 debeat

1212 5520 1500 5602 soluere
1554 5522 1678 5603 ifle
1736 5523 1942 5602 cuius
1997 5541 2243 5605 essent
2297 5550 2434 5604 res.
2492 5541 2572 5608 Et
2618 5540 2793 5630 quod
2837 5541 3069 5608 notarii
3114 5538 3347 5608 habere
3393 5538 3661 5606 debeant
3707 5561 3825 5628 pro
3871 5537 4108 5606 factura
4151 5539 4375 5605 instru-
