5117 6834
765 802 908 879 149
1116 682 1342 849 DE
1395 709 2272 846 PERcussloNIBUs
2304 761 2441 842 ET
2493 761 2941 844 FERUTIS.

1278 991 1417 1055 &bct

1262 1009 1427 1164 ΕΙ.»
1471 1106 1628 1159 TEM
1684 1096 2042 1159 statutum
2100 1097 2211 1159 est
2250 1078 2453 1183 quod
2521 1079 2584 1157 si
2639 1076 2905 1183 aliquis
2941 1078 3063 1158 uel
3100 1078 3343 1184 aliqua
3398 1079 3491 1159 de
3549 1081 3858 1161 baennis
3909 1083 4352 1190 percusserit

1150 1237 1474 1344 aliquem
1530 1237 1651 1318 uel
1706 1236 2030 1342 aliquam
2086 1238 2275 1318 irato
2330 1238 2590 1321 animo
2644 1263 2907 1342 pugno
2988 1236 3256 1318 baculo
3311 1237 3433 1319 uel
3489 1237 3735 1343 palma
3794 1240 3870 1318 in
3935 1241 4172 1344 capite
4228 1238 4350 1320 uel

1152 1396 1452 1477 maxilla
1508 1424 1550 1476 a
1605 1396 1813 1478 collo
1870 1396 2226 1500 superius.
2285 1394 2404 1474 uel
2460 1395 2706 1500 ipsum
2763 1394 3038 1499 ceperit
3091 1422 3220 1499 per
3275 1394 3607 1500 capillos,
3684 1414 3757 1475 et
3828 1399 4137 1501 sanguis
4192 1424 4352 1477 non

3162 1552 3209 1592 ἢ·
3264 1553 3326 1633 si
3380 1567 3771 1658 percussor
3854 1553 4161 1634 soluerit
4245 1554 4355 1636 fo-

1157 1555 1467 1635 exiuerit
1523 1554 1767 1634 soluat
1820 1581 1957 1658 pro
2012 1579 2202 1658 pena
2258 1552 2546 1634 solidos
2600 1579 2700 1633 Lx
2756 1570 3110 1634 astenses.

1151 1705 1374 1791 ‘drum
1430 1712 1509 1791 in
1565 1710 1874 1791 baennis
1928 1709 2022 1790 de
2060 1709 2243 1823 libra
2279 1709 2399 1789 uel
2437 1708 2651 1789 ultra.
2693 1728 2765 1788 et
2805 1711 2865 1790 si
2903 1737 2946 1789 a
2982 1708 3189 1790 libris
3243 1737 3341 1788 xx
3381 1709 3564 1790 infra
3618 1736 3853 1815 usque
3910 1713 3987 1791 in
4044 1710 4267 1791 libras
4304 1741 4353 1791 x

1156 1868 1445 1952 solidos
1500 1897 1594 1949 xL
1652 1887 1726 1949 et
1780 1896 1822 1948 a
1878 1866 2059 1948 libra
2113 1866 2415 1948 inferius
2471 1866 2760 1948 solidos
2813 1894 2941 1948 xx.
2997 1867 3041 1907 '⁶
3095 1867 3232 1975 (2)
3289 1868 3351 1947 si
3405 1885 3654 1949 autem
3712 1896 3754 1947 a
3810 1868 4014 1948 collo
4053 1867 4358 1950 inferius

1155 2029 1399 2132 ipsum
1453 2028 1892 2131 percusserit
1951 2090 1966 2106 .
2024 2026 2146 2106 uel
2204 2052 2377 2106 eum
2432 2024 2845 2106 bussauerit
2898 2025 3021 2106 uel
3094 2051 3401 2107 manum
3469 2028 3658 2107 irato
3722 2027 3980 2107 animo
4046 2027 4123 2106 in
4181 2001 4355 2106 eum

1153 2185 1489 2265 iniecerit
1544 2186 1664 2264 uei
1719 2186 1787 2265 ei
1845 2183 2268 2291 lacerauerit
2333 2209 2783 2264 cauezanam
2855 2183 2991 2291 (3)
3063 2183 3308 2264 soluat
3376 2211 3513 2290 pro
3586 2210 3777 2289 pena
3848 2183 4138 2265 solidos
4206 2213 4357 2264 xxx

1156 2361 1487 2423 astenses
1538 2342 1582 2382 '⁶
1638 2344 1700 2424 si
1754 2369 2142 2448 percussus
2195 2341 2398 2422 dabit
2452 2340 2752 2422 fodrum
2816 2342 3123 2422 comuni
3179 2342 3273 2423 de
3328 2341 3531 2423 libris
3583 2370 3684 2421 xx
3764 2342 3888 2423 uel
3942 2342 4131 2423 ultra
4187 2362 4263 2423 et
4316 2370 4358 2422 a

1158 2499 1361 2580 libris
1424 2528 1524 2579 xx
1599 2498 1782 2581 infra
1855 2513 2097 2606 usque
2152 2501 2229 2579 in
2284 2499 2504 2580 libras
2557 2526 2609 2578 x
2665 2498 2909 2580 soluat
2972 2527 3109 2604 pro
3177 2526 3367 2605 pena
3437 2499 3726 2580 solidos
3788 2528 3889 2580 xx
3947 2519 4021 2580 et
4076 2528 4118 2580 a
4175 2499 4361 2580 libra

1154 2657 1456 2739 inferius
1511 2658 1755 2738 soluat
1807 2685 1944 2763 pro
1999 2684 2190 2763 pena
2245 2657 2533 2738 solidos
2568 2686 2618 2737 x
2672 2657 2715 2698 ³‘
2768 2657 2905 2766 (4)
2958 2658 3101 2738 nisi
3159 2676 3407 2739 essent
3463 2658 3945 2764 suprascripte
4000 2684 4346 2763 persone.

1160 2814 1354 2897 idest
1406 2834 1612 2921 pater
1655 2815 1905 2895 *mater
1958 2813 2174 2896 frater
2211 2833 2287 2895 et
2326 2842 2541 2896 soror
2579 2816 2890 2896 maritus
2924 2841 3116 2897 uxor
3154 2815 3562 2897 auunculus
3615 2814 3737 2896 uel
3792 2817 4022 2895 amita
4078 2834 4361 2895 stantes

1161 2975 1239 3053 in
1294 3000 1440 3053 una
1495 2972 1736 3053 domo
1790 2971 1882 3052 ad
1939 2999 2174 3052 unum
2228 2995 2498 3078 panem
2556 2991 2633 3052 et
2668 2973 2954 3053 uinum.
2992 2975 3120 3078 qui
3156 2972 3253 3052 de
3290 2973 3485 3053 dicta
3521 2999 3712 3078 pena
3748 2999 3906 3052 non
3942 2990 4360 3052 teneantur.
4450 3082 4457 3088 ·

1167 3149 1241 3210 et
1296 3130 1439 3210 nisi
1494 3129 1747 3210 fecerit
1801 3157 1880 3210 se
1935 3129 2462 3221 deffendendo.
2524 3151 2597 3211 et
2652 3130 2856 3236 quod
2915 3130 3307 3236 supradicti
3360 3150 3566 3237 pater
3619 3130 3835 3211 frater
3892 3149 3967 3211 et
4016 3156 4230 3210 soror
4286 3147 4364 3209 et

1164 3286 1287 3367 alii
1346 3288 1808 3394 suprascripti
1866 3315 2023 3372 non
2077 3307 2465 3369 teneantur
2509 3289 2604 3370 de
2642 3289 2838 3369 dicta
2875 3316 3087 3395 pena.
3129 3289 3190 3370 si
3226 3307 3689 3394 percuterent
3748 3315 3826 3369 se
3884 3289 4043 3368 sine
4101 3286 4363 3390 gladio

1163 3444 1428 3526 ferreo,
1486 3445 1606 3525 uel
1663 3446 1928 3526 ceteris
1981 3445 2144 3526 aliis
2199 3447 2446 3526 armis,

781 3899 929 3981 150
1118 3775 1345 3942 DE
1399 3775 1858 3940 FERUTrS.

1272 4092 1335 4147 ΞΤ*
1365 4091 1441 4145 (ἧν
3630 4127 3633 4130 ’

1265 4182 1317 4259 ἐξ·
1361 4162 1425 4268 ἑτέ
1485 4207 1642 4262 'rr-:M
1699 4182 1759 4262 si
1815 4180 2055 4286 aliqua
2107 4208 2426 4287 persona
2477 4180 2822 4263 habitans
2875 4182 2952 4261 in
3010 4180 3316 4272 baennis
3341 4169 3345 4173 ’
3368 4182 3809 4286 percusserit
3862 4179 4187 4287 aliquem
4243 4181 4364 4262 uel

1167 4341 1490 4447 aliquam
1516 4365 1915 4445 personam
1943 4339 2399 4434 habitantem
2428 4340 2508 4420 in
2539 4341 2845 4421 baennis
2873 4326 3162 4420 baculo.
3195 4337 3495 4420 cutello.
3527 4328 3804 4420 lancea.
3837 4359 4063 4445 spata..
4095 4339 4362 4446 lapide.

1168 4524 1299 4580 seu
1351 4496 1605 4602 aliquo
1657 4495 1810 4577 alio
1866 4495 2147 4603 gladio.
2221 4497 2426 4603 quod
2482 4496 2667 4578 deus
2720 4515 3002 4578 auertat
3073 4496 3271 4578 unde
3338 4498 3644 4603 sanguis
3708 4498 4044 4578 exiuerit.
4120 4498 4367 4581 soluat

1165 4684 1304 4763 pro
1357 4683 1548 4762 pena
1603 4655 1893 4737 solidos
1946 4682 1994 4737 c
2048 4621 2403 4736 astenses,
2463 4674 2537 4735 et
2576 4657 2638 4736 si
2692 4682 3080 4761 percussus
3117 4683 3209 4736 ex
3247 4657 3403 4761 ipsa
3457 4656 3936 4760 percussione
3992 4657 4369 4738 amitteret

1168 4814 1472 4922 aliquod
1526 4814 1975 4896 membrum.
2032 4814 2380 4896 uidelicet
2413 4814 2689 4922 pedem
2726 4840 3035 4895 manum
3071 4814 3456 4915 brachium
3493 4841 3799 4895 nassum
3836 4812 4189 4895 occulum
4243 4814 4374 4897 uel

1167 4974 1499 5056 occulos.
1544 4965 1978 5080 soluatpro
2014 5000 2206 5080 pena
2259 4973 2482 5055 libras
2535 5001 2607 5054 x.
2668 4973 2804 5083 (5)
2859 5009 2922 5059 et
2952 4989 3225 5059 totidem
3270 5012 3390 5079 pro
3436 4989 3707 5058 emenda
3752 4988 3850 5057 illi
3894 4990 4006 5078 qui
4051 4957 4374 5075 amitteret

1167 5154 1537 5223 membrum
1585 5172 1649 5223 et
1694 5153 1822 5222 hoc
1883 5145 2269 5242 intelligatur
2312 5153 2370 5220 si
2415 5150 2663 5241 fiegerit
2707 5173 2784 5218 os
2826 5151 3071 5239 capitis.
3110 5132 3173 5212 Si
3206 5149 3462 5212 autem
3485 5131 3952 5246 vpercusserit
4006 5132 4255 5236 ipsum
4291 5130 4371 5210 in

1166 5324 1477 5403 corpore
1532 5297 1634 5377 ita
1686 5293 1891 5402 quod
1937 5292 2246 5400 gladius
2299 5293 2651 5374 intestina
2688 5292 2990 5372 intraret
3023 5288 3147 5369 uel
3188 5291 3253 5369 ei
3294 5282 3384 5369 os
3421 5289 3679 5394 capitis
3714 5282 4087 5393 frangeret
4125 5288 4371 5370 soluat
4426 5401 4437 5410 ἢ

1165 5484 1303 5564 pro
1357 5482 1545 5562 pena
1600 5453 1820 5535 libras
1874 5480 2049 5534 xXV.
2111 5452 2170 5534 si
2226 5470 2477 5532 autem
2534 5450 2839 5554 sanguis
2901 5475 3057 5528 non
3134 5449 3443 5528 exiuerit
3498 5475 3589 5527 ex
3646 5448 3802 5551 ipsa
3863 5448 4367 5551 percussione.

1169 5613 1414 5696 soluat
1465 5641 1603 5719 pro
1655 5640 1846 5718 pena
1879 5631 1966 5692 ut
2002 5613 2078 5691 in
2117 5610 2536 5716 precedenti
2575 5606 2901 5713 capitulo
2958 5607 3401 5687 continetur.
3461 5605 3603 5684 nisi
3659 5630 4050 5710 percussus
4105 5623 4180 5684 et
4214 5631 4372 5709 per-
