5117 6834
783 678 875 778 83

783 2453 886 2551 84

1104 617 1329 783 DE
1381 698 2301 783 AMBAXLATORIBUS
2346 700 2909 791 MITTENDIS
2954 700 3163 785 PRO
3210 700 3631 787 COMUNI
3665 702 3800 783 ET
3837 700 4281 786 SALARIO

1417 856 2282 943 RATIONATORUM
2335 858 2469 941 ET
2523 859 2830 940 CAPIT
2834 858 3446 944 ULATORUM.

1232 1092 1419 1295 Q
1466 1222 1620 1275 TEa-1
1676 1214 2030 1275 statutum
2089 1213 2197 1275 est
2262 1194 2465 1298 quod
2519 1193 2978 1273 ambaxiator
3042 1190 3386 1271 comunis
3448 1192 3854 1269 bennarum
3919 1188 4042 1291 qui
4107 1187 4322 1267 iuerit

1149 1351 1484 1457 pedester
1538 1353 1799 1432 habeat
1855 1350 2174 1457 qualibet
2232 1351 2351 1430 die
2406 1379 2448 1430 a
2504 1352 2807 1430 comuni
2862 1376 2999 1454 pro
3056 1375 3193 1428 suo
3250 1346 3515 1427 salario
3572 1343 3857 1426 solidos
3893 1370 4045 1424 vm.
4086 1362 4159 1423 et
4196 1344 4321 1448 qui

1150 1529 1484 1613 equester
1538 1510 1751 1589 iuerit
1805 1509 2067 1589 habeat
2120 1510 2579 1588 ambaxiator
2634 1506 2920 1588 solidos
2973 1532 3079 1586 xv
3134 1507 3210 1585 in
3249 1504 3368 1585 die
3426 1522 3498 1584 et
3554 1502 3857 1608 quilibet
3914 1502 4321 1582 rationator

1149 1664 1408 1745 habeat
1466 1666 1557 1745 de
1613 1665 1933 1771 qualibet
1988 1667 2273 1745 ratione
2329 1664 2673 1744 denarios
2709 1690 2785 1744 v1
2824 1682 2897 1743 et
2951 1661 3467 1767 capitulatores
3520 1662 3836 1739 habeant
3893 1657 4178 1738 solidos
4214 1684 4317 1737 111.

1151 1842 1222 1902 et
1279 1822 1581 1927 quilibet
1637 1850 1867 1927 equus
1920 1822 2037 1901 uel
2097 1849 2280 1927 equa
2335 1823 2458 1926 qui
2514 1821 2634 1901 uel
2692 1848 2833 1926 que
2890 1820 3272 1900 duceretur
3327 1820 3403 1898 in
3459 1815 3872 1897 ambaxaria
3927 1816 4163 1921 possit
4200 1813 4320 1893 uel

1151 1979 1411 2058 debeat
1468 1978 1840 2060 emendari
1896 2005 1937 2057 a
1992 1978 2294 2058 comuni
2351 1979 2412 2057 si
2468 1979 2860 2057 moriretur
2912 1975 3034 2089 uel
3091 1991 3738 2077 mangagnaretur.
3796 1971 3931 2079 (1)

1106 2415 1508 2621 QJOD
1561 2497 2063 2582 MERCATA
2115 2496 2723 2579 PALMITATA
2776 2494 3598 2578 ATTENDANTUR.

1233 2712 1423 2915 ἕξ
1465 2840 1620 2894 TEM
1676 2832 2028 2893 statutum
2059 2811 2400 2917 estquod
2429 2812 2752 2917 quelibet
2777 2839 3093 2917 persona
3126 2840 3266 2916 que
3297 2832 3737 2892 mercaretur
3764 2811 3883 2890 uel
3914 2829 4322 2890 mercatum

1153 2970 1397 3051 fecerit
1452 2996 1622 3049 cum
1676 2968 1916 3073 aliqua
1970 2968 2107 3048 alia
2161 2995 2474 3073 persona
2519 2968 2614 3048 de
2649 2967 2889 3073 aliqua
2951 2997 3028 3048 re
3094 2997 3235 3073 qua
3292 2968 3780 3072 palmitauerit
3851 2967 3972 3048 uel
4037 2967 4325 3047 dederit

1151 3128 1438 3207 domini
1495 3125 1612 3205 dei
1667 3143 1997 3205 teneatur
2062 3146 2135 3204 et
2190 3125 2452 3205 debeat
2506 3124 2883 3206 attendere
2938 3126 3220 3206 dictum
3291 3145 3698 3206 mercatum
3768 3125 3900 3205 sub
3963 3151 4152 3229 pena
4209 3150 4325 3203 so—

1153 3284 1474 3364 lidorum
1532 3283 1916 3385 sexaginta
1972 3283 2166 3362 curie
2223 3300 2296 3361 et
2351 3282 2767 3363 solidorum
2821 3309 2919 3362 Lx
2974 3310 3110 3387 pro
3166 3282 3479 3362 emenda
3535 3281 3640 3361 illi
3696 3284 3811 3361 cui
3868 3281 4187 3363 uoluerit
4223 3301 4325 3362 at·

1151 3442 1451 3522 tendere
1507 3440 1786 3520 dictum
1843 3458 2273 3520 mercatum.
2332 3458 2404 3519 et
2458 3468 2648 3544 pena
2704 3439 2945 3521 soluta
3000 3438 3529 3520 nichilominus
3589 3457 3919 3544 potestas
3990 3460 4324 3521 teneatur

1153 3599 1384 3678 facere
1442 3596 1720 3677 attendi
1779 3615 1850 3676 et
1907 3597 2278 3676 obseruari
2334 3595 2615 3675 dictum
2671 3615 3079 3676 mercatum
3136 3617 3209 3676 et
3244 3624 3431 3701 pena
3486 3599 3762 3677 totiens
3817 3598 4212 3677 comitatur
4250 3616 4323 3677 et

1158 3755 1483 3835 soluatur
1538 3755 1831 3859 quoties
1885 3753 2413 3833 contrafactum
2469 3755 2706 3834 fuerit.
2765 3772 2839 3832 et
2893 3752 3094 3833 idem
3149 3756 3579 3833 obseruetur
3633 3752 3725 3833 de
3774 3754 4079 3834 cambiis
4134 3755 4325 3833 inter

1154 3912 1432 4016 aliquas
1483 3938 1837 4016 personas
1873 3911 2101 3990 iactis,
2141 3911 2233 3990 Et
2269 3929 2601 4015 potestas
2653 3930 2987 3990 teneatur
3024 3911 3385 4014 inquirere
3441 3912 4053 4015 quotiescumque
4091 3913 4325 4015 requi-

1156 4071 1338 4149 situs
1391 4067 1625 4148 fuerit.
1684 4086 1757 4147 et
1811 4066 2013 4173 quod
2069 4066 2266 4147 nulla
2320 4093 2634 4172 persona
2697 4068 2934 4173 possit
3005 4069 3399 4147 occasione
3470 4067 3774 4147 alicuius
3846 4069 4148 4149 mercati
4202 4068 4322 4148 uel

1154 4227 1562 4331 questionis
1599 4224 1768 4305 inde
1808 4224 2290 4329 dependentis
2326 4251 2481 4304 non
2507 4225 2744 4329 possit
2779 4242 3026 4329 petere
3082 4223 3402 4330 aliquam
3446 4226 3885 4329 petitionem
3924 4227 3999 4305 in
4039 4227 4325 4330 scriptis

1156 4383 1285 4463 sed
1340 4400 1672 4462 teneatur
1742 4380 2184 4485 respondere
2256 4382 2598 4485 petitioni
2655 4400 2728 4462 et
2784 4383 3178 4461 contestari
3253 4382 3460 4461 litem
3537 4381 3717 4462 infra
3770 4384 4063 4462 tertiam
4121 4382 4321 4463 diem

1154 4560 1547 4644 postquam
1619 4539 1880 4643 petitio
1942 4536 2126 4617 facta
2199 4535 2410 4616 fuerit
2474 4556 2547 4617 et
2609 4557 3006 4642 postquam
3072 4558 3363 4644 emptor
3437 4540 3783 4620 obtulerit
3848 4567 3925 4620 se
3989 4558 4321 4645 paratum

1159 4722 1411 4776 coram
1473 4695 1667 4774 curia
1739 4693 2144 4774 bennarum
2185 4693 2625 4774 -satisfacere
2700 4695 3069 4777 uenditori
3135 4697 3227 4777 de
3290 4699 3530 4802 pretio
3594 4699 3695 4778 rei
3758 4697 4134 4802 palmitate
4193 4725 4323 4778 seu

1157 4830 1454 4934 uendite
1526 4852 1647 4931 uel
1710 4853 2092 4932 cambiate.
2169 4871 2242 4932 et
2314 4851 2552 4933 dictus
2622 4854 2969 4936 uenditor
3038 4873 3371 4934 teneatur
3442 4853 3675 4935 facere
3748 4857 4323 4937 instrumentum

1154 5011 1606 5092 uenditionis
1658 5009 1779 5090 uel
1836 5010 2095 5113 cambij
2139 5009 2341 5090 dicto
2380 5011 2695 5115 emptori
2737 5011 2929 5092 dicte
2967 5013 3071 5091 rei
3119 5011 3253 5091 sub
3296 5039 3483 5118 pena
3520 5014 3866 5118 predicta.
3916 5015 4009 5094 Et
4048 5014 4323 5095 eodem

1157 5169 1393 5250 modo
1428 5187 1762 5249 teneatur
1816 5185 2108 5272 emptor
2154 5166 2562 5248 satisfacere
2608 5168 2978 5251 uenditori
3008 5170 3066 5250 si
3107 5169 3346 5250 dictus
3373 5170 3716 5251 uenditor
3754 5198 3833 5251 se
3880 5171 4324 5277 obligauerit

1154 5353 1407 5407 coram
1470 5327 1665 5405 curia
1730 5328 2138 5405 bennarum
2193 5351 2271 5405 se
2325 5343 2660 5429 paratum
2735 5327 3016 5407 tradere
3072 5354 3232 5408 rem
3289 5327 3491 5409 dicto
3567 5331 3884 5434 emptori
3951 5348 4024 5409 et
4086 5330 4321 5410 facere

1154 5484 1727 5563 instrumentum
1781 5482 2239 5564 uenditionis
2291 5481 2413 5562 uel
2469 5482 2757 5587 cambij.
3137 5454 3147 5465 ⁸
