5117 6834
758 3487 901 3570 303

1137 592 1275 671 pro
1328 565 1661 672 quolibet
1714 565 1865 647 alio
1920 563 2367 646 ferramento
2440 589 2713 666 grosso
2794 563 3140 657 totidem.
3199 582 3272 644 et
3327 563 3421 644 de
3477 562 3936 647 ferramentis
3990 569 4319 650 menutis

1140 722 1623 805 clauellorum
1678 722 1813 832 (7)
1870 743 1943 805 et
1996 749 2380 828 maparum
2436 721 2573 830 (8)
2629 741 2703 802 et
2758 720 3123 811 similibus
3201 722 3547 804 denarios
3617 751 3719 804 1111
3774 752 3911 830 pro
3985 724 4187 806 libra.
4246 745 4321 807 et

1139 909 1274 988 pro
1330 881 1717 962 calciatura
1771 880 1944 962 xole
1999 881 2135 989 (9)
2217 880 2503 962 solidos
2557 908 2632 962 11.
2692 900 2766 961 et
2819 907 2956 986 pro
3028 880 3300 967 factura
3374 881 3550 963 xole
3625 911 3821 964 noue
3855 878 3860 883 ’
3897 884 4186 966 solidos
4239 912 4317 966 111

1138 1060 1214 1121 et
1267 1068 1402 1146 pro
1458 1038 1731 1120 factura
1767 1039 2093 1120 manerie
2131 1066 2331 1121 noue
2369 1039 2657 1121 solidos
2691 1068 2763 1119 V.
2808 1058 2881 1119 et
2919 1066 3054 1145 pro
3092 1039 3480 1120 calciatura
3518 1043 3846 1122 manerie
3887 1041 4175 1124 solidos
4210 1069 4315 1124 1111

1140 1217 1214 1279 et
1267 1225 1403 1304 pro
1457 1197 1793 1305 quolibet
1848 1225 1942 1278 ex
1996 1197 2215 1279 dictis
2266 1197 2728 1278 ferramentis
2780 1215 3114 1289 teneatur
3168 1198 3496 1279 amol'are
3554 1198 3741 1315 (to)
3797 1201 4054 1281 omnia
4111 1199 4321 1282 ferra·

1140 1375 1394 1436 menta
1458 1356 1780 1462 predicta
1836 1383 1973 1462 pro
2027 1357 2276 1461 precio
2348 1355 2792 1461 supradicto.
2853 1376 2925 1436 et
2981 1357 3041 1437 si
3097 1358 3263 1463 quis
3337 1355 3670 1438 ferrarius
3743 1357 3989 1438 fecerit
4064 1378 4320 1439 contra
4396 1447 4399 1451 ,

1145 1514 1466 1618 predicta
1525 1514 1645 1595 uel
1699 1513 1973 1620 aliquid
2030 1514 2554 1619 predictorum.
2617 1514 2735 1595 uel
2789 1516 3088 1619 pecierit
3147 1514 3332 1595 ultra
3389 1516 3462 1595 id
3518 1517 3721 1621 quod
3759 1517 4170 1621 predictum
4212 1534 4324 1598 est

1144 1672 1387 1753 soluat
1440 1699 1576 1777 pro
1632 1699 1837 1777 pena
1874 1699 2010 1777 pro
2066 1670 2399 1776 quolibet
2455 1691 2529 1751 et
2585 1672 2908 1777 qualibet
2962 1674 3123 1753 uice
3197 1674 3504 1778 quocies
3587 1673 4097 1756 contrafecerit
4153 1674 4322 1755 soli-

1143 1830 1286 1911 dos
1338 1858 1412 1910 v,
1472 1831 1563 1911 Et
1617 1848 1951 1911 teneatur
2008 1830 2314 1935 quilibet
2370 1857 2461 1910 ex
2515 1830 2735 1911 dictis
2789 1829 3100 1917 ferrariis
3137 1851 3389 1912 tenere
3426 1850 3595 1912 toto
3634 1860 3834 1912 anno
3874 1832 4322 1914 sufficienter

1142 1986 1542 2068 carbonem
1599 2015 1816 2068 causa
1872 1987 2290 2068 fabricandi.
2350 1988 2442 2067 Et
2497 1986 2804 2092 quilibet
2858 1972 2949 2069 ex
3006 1988 3224 2068 dictis
3278 1987 3588 2069 ferrariis
3643 1991 3766 2094 qui
3825 1992 4107 2070 steterit
4163 1991 4321 2072 sine

1141 2149 1462 2226 carbone
1519 2145 1705 2226 ultra
1760 2164 1908 2226 tres
1961 2145 2122 2227 dies
2177 2165 2251 2226 et
2304 2146 2786 2226 recussauerit
2840 2144 3184 2226 fabricare
3232 2173 3322 2226 ex
3362 2146 3696 2227 districtu
3752 2152 3824 2245 (1
3847 2146 3929 2255 1)
3984 2149 4325 2228 carbonis

1142 2303 1330 2385 ultra
1385 2303 1619 2384 dictas
1671 2323 1823 2384 tres
1848 2303 2035 2385 dies.
2096 2303 2440 2384 eamdem
2478 2330 2748 2409 penam
2788 2305 3108 2383 incurrat
3165 2305 3471 2409 quocies
3508 2305 4044 2386 contrafactum
4083 2305 4321 2387 fuerit.

1141 2463 1236 2543 Et
1289 2462 1646 2543 dominus
1699 2479 2031 2567 potestas
2086 2479 2421 2542 teneatur
2474 2481 2874 2568 postquam
2931 2462 3277 2542 iurauerit
3339 2463 3678 2565 regimen
3738 2462 3918 2543 infra
3981 2490 4321 2544 mensem

1145 2647 1378 2700 unum
1452 2619 1686 2701 facere
1751 2621 1984 2700 iurare
2050 2646 2320 2700 omnes
2394 2618 2734 2703 ferrarios
2802 2619 3194 2701 obseruare
3267 2620 3615 2726 predicta.
3674 2622 3766 2701 Et
3821 2620 3914 2701 de
3977 2621 4325 2726 predictis
4387 2672 4394 2677 -

1146 2779 1500 2860 omnibus
1555 2798 1629 2859 et
1684 2777 2001 2882 singulis
2054 2777 2379 2885 quelibet
2432 2805 2751 2883 persona
2805 2779 3044 2884 possit
3081 2779 3254 2859 inde
3292 2806 3631 2859 accusare
3669 2797 3742 2859 et
3782 2780 3849 2859 ei
3906 2780 4326 2860 iuramento

1145 2937 1478 3018 credatur
1534 2956 1607 3017 et
1661 2937 2017 3018 dominus
2069 2954 2403 3042 potestas
2456 2954 2795 3035 teneatur
2849 2936 3022 3017 inde
3079 2938 3468 3042 inquirere.

1144 3415 1303 3584 D
1306 3497 1368 3578 E
1422 3495 1792 3581 BESTIIS
1845 3499 2083 3584 NON
2135 3500 2769 3589 PASCUANDIS
2820 3507 2933 3593 IN
2998 3509 3598 3601 NEMORIBUS
3651 3515 4082 3604 INCISSIS.

1265 3711 1620 3915 Qum
1676 3794 2033 3857 statutum
2065 3736 2184 3857 'est
2220 3774 2423 3882 quod
2463 3776 2524 3855 si
2560 3774 2835 3879 aliquid
2875 3801 3145 3856 nemus
3199 3777 3551 3857 incissum
3608 3775 3823 3857 fuerit
3876 3777 3953 3857 in
4010 3803 4321 3859 nemore

1142 3936 1383 4018 defexi
1441 3936 1768 4017 seriatim
1822 3954 2070 4016 totum
2128 3933 2585 4038 ysolegnum
2671 3932 2882 4041 (12).
2968 3933 3169 4038 quod
3228 3934 3304 4013 in
3360 3933 3654 4054 duobus
3708 3935 3923 4015 annis
3975 3936 4316 4040 proxime

1144 4072 1784 4202 subsequentibus.
1839 4093 2083 4200 aliqua
2137 4119 2453 4198 persona
2537 4118 2695 4173 non
2750 4088 3029 4172 audeat
3070 4090 3191 4172 uel
3245 4110 3622 4197 presumat
3703 4093 3971 4173 ducere
4036 4092 4319 4198 aliquas

1145 4253 1414 4334 bestias
1467 4252 1561 4334 ad
1614 4251 2118 4358 pascuandum
2177 4252 2253 4332 in
2308 4214 2540 4331 dicto·
2586 4276 2896 4331 nemore
2979 4250 3255 4330 incisso
3313 4248 3449 4330 sub
3504 4276 3692 4355 pena
3750 4267 3824 4330 et
3878 4252 4128 4331 banno
4181 4278 4317 4357 pro

1142 4411 1467 4519 qualibet
1520 4409 1755 4493 bestia
1792 4436 2056 4514 grossa
2092 4409 2566 4493 denariorum
2606 4435 2683 4489 v1
2721 4426 2796 4489 et
2849 4407 3170 4488 totidem
3225 4434 3364 4513 pro
3420 4408 3737 4488 emenda
3789 4434 4011 4513 passo
4067 4408 4322 4530 damp-

1142 4596 1350 4651 num.
1390 4587 1464 4650 et
1498 4595 1636 4674 pro
1673 4568 1996 4675 qualibet
2045 4568 2275 4649 bestia
2328 4586 2636 4648 menuta
2695 4566 3173 4647 denariorum
3212 4592 3317 4647 1111
3357 4584 3431 4646 et
3468 4566 3788 4647 totidem
3826 4593 3963 4671 pro
4002 4565 4322 4646 emenda

1139 4755 1363 4835 passo
1416 4728 1852 4833 dampnum.
1909 4727 2002 4807 Et
2055 4724 2383 4833 quelibet
2435 4752 2758 4831 persona
2794 4725 3031 4830 possit
3070 4723 3244 4807 inde
3281 4751 3623 4804 accusare
3661 4743 3735 4804 et
3774 4725 3840 4805 ei
3897 4725 4318 4805 iuramento

1142 4886 1476 4967 credatur
1529 4904 1603 4967 et
1657 4885 1923 4966 habeat
1977 4883 2272 4965 tertiam
2324 4902 2614 4994 partem
2669 4883 2918 4963 banni.
3341 4883 3345 4888 ’
