5117 6834
1220 612 1331 693 lac
1389 611 1715 693 eminam
1770 597 2001 693 unam
2060 611 2271 716 grani
2328 627 2403 691 et
2456 637 2592 716 pro
2649 609 2972 714 qualibet
3027 628 3233 692 sucta
3286 630 3816 716 quarteronum
3871 638 4130 691 unum.
4172 612 4267 691 Et
4300 631 4405 692 te-

1213 789 1486 864 neatur
1541 758 1912 850 custodire
1968 769 2202 849 dictas
2257 794 2507 874 capras
2560 787 2699 873 pro
2752 766 2957 848 dicto
3015 768 3280 848 salario
3335 786 3504 848 toto
3559 794 3784 848 ann0.
3843 768 3937 848 Et
3992 768 4196 873 quod
4244 795 4401 848 non

1218 927 1457 1033 possit
1511 926 1778 1007 ducere
1833 924 2112 1031 aliquas
2166 924 2438 1006 bestias
2493 952 2660 1006 suas
2714 924 2834 1005 uel
2888 924 3166 1006 alienas
3209 926 3213 930 ’
3253 943 3623 1030 separatas
3674 953 3717 1004 a
3768 925 3967 1030 paria
4023 925 4157 1006 sub
4213 951 4401 1031 pena

1219 1084 1636 1167 solidorum
1691 1113 1740 1162 v
1798 1111 1932 1189 pro
1988 1083 2312 1189 qualibet
2347 1083 2664 1188 persona
2703 1100 2778 1164 et
2814 1081 3137 1188 qualibet
3191 1083 3377 1163 uice.
3436 1083 3530 1163 Et
3584 1100 3916 1188 potestas
3951 1083 4190 1188 possit
4226 1083 4399 1164 inde

1218 1243 1605 1349 inquirere.

826 1688 914 1769 31
937 1689 968 1744 1
1178 1586 1589 1798 QJOD
1640 1669 2042 1770 ALIQUA
2093 1671 2575 1758 PERSONA
2608 1673 2849 1757 NON
2883 1672 3295 1759 DEBEAT
3346 1673 3826 1757 lMPEDIRE
3878 1674 4369 1757 CIMENTE-

1496 1826 1757 1913 RIUM
1811 1827 2188 1913 CORAM
2241 1829 2725 1915 ECCLESIA
2776 1829 2914 1913 DE
2966 1829 3402 1927 ALIQUO.

1309 2043 1498 2249 ἒξ
1537 2156 1693 2209 TEM
1750 2147 2105 2208 statutum
2163 2149 2274 2209 est
2331 2130 2532 2234 quod
2589 2130 2830 2236 aliqua
2913 2158 3228 2235 persona
3296 2158 3450 2211 non
3508 2149 3886 2235 presumat
3941 2156 4077 2210 nec
4134 2129 4403 2210 audeat

1223 2313 1501 2397 ponere
1556 2286 1824 2397 habere
1881 2314 2016 2367 nec
2072 2301 2321 2367 tenere
2377 2287 2617 2367 modo
2671 2285 2922 2393 aliquo
2976 2287 3280 2393 aliquod
3336 2286 3628 2369 leamen
3713 2285 3917 2392 ligna
3980 2288 4102 2371 uel
4157 2287 4404 2392 ligna-

1217 2446 1425 2527 mina
1480 2443 1599 2524 uel
1639 2444 1910 2550 aliquid
1968 2444 2164 2524 aliud
2221 2444 2843 2550 impedimentum
2883 2445 2961 2525 in
2997 2444 3248 2550 aliquo
3286 2445 3459 2525 loco
3499 2446 3576 2528 in
3614 2445 4052 2527 ci‘menterio
4091 2444 4399 2529 ecclesie

1224 2607 1699 2684 baennarum.
1759 2631 1801 2681 a
1857 2603 2094 2683 domo
2157 2602 2469 2708 Georgii
2536 2603 2825 2683 bruneti
2893 2629 3106 2708 supra
3188 2630 3419 2708 usque
3486 2603 3575 2683 ad
3644 2622 3905 2683 uotam
3971 2605 4203 2684 sancti
4270 2603 4401 2685 do-

1219 2761 1371 2841 nati
1429 2762 1561 2841 sub
1621 2787 1809 2866 pena
1862 2787 1997 2865 pro
2054 2759 2376 2865 qualibet
2431 2786 2747 2865 persona
2802 2760 3373 2841 contrafaciente
3432 2780 3506 2840 et
3561 2759 3885 2865 qualibet
3921 2760 4084 2841 ui'ce
4110 2760 4403 2854 *solido-

1218 2945 1385 2997 rum
1440 2944 1516 2998 Χ.
1576 2919 1669 2998 Et
1727 2917 2259 2998 nichilominus
2315 2917 2496 2998 illud
2551 2918 3175 3024 impedimentum
3257 2918 3536 2999 auferre
3617 2937 3976 3002 teneatur.
4045 2919 4137 2998 Et
4195 2919 4399 3023 quod

1219 3075 1313 3154 de
1370 3075 1719 3180 predictis
1775 3074 2098 3180 quelibet
2152 3101 2467 3180 persona
2503 3077 2741 3181 possit
2777 3076 2950 3156 inde
2989 3103 3327 3157 accusare
3366 3095 3440 3156 et
3478 3077 3544 3156 ei
3582 3076 4001 3156 iuramento
4040 3077 4398 3157 credatur.

1224 3253 1296 3313 et
1353 3232 1616 3313 habeat
1671 3217 1963 3313 tertiam
2018 3252 2302 3338 partem
2341 3235 2562 3314 banni
2601 3253 2675 3314 et
2713 3234 3067 3314 dominus
3101 3251 3432 3339 potestas
3485 3234 3723 3339 possit
3778 3233 3950 3314 inde
4005 3235 4394 3339 inquirere.

834 3681 979 3762 312
1181 3580 1591 3793 QJoD
1659 3664 2256 3751 ELIGANTUR
2322 3666 2551 3752 Duo
2590 3621 2635 3756 ’(
2653 3652 2735 3755 3)
2811 3667 3285 3753 HOMINES
3367 3670 3555 3769 QUI
3618 3671 4106 3756 DEBEANT
4168 3672 4367 3755 MA-

1495 3822 1766 3950 NERE
1800 3821 2026 3908 CUM
2061 3822 2500 3908 DOMINO
2553 3823 3175 3909 POTESTATE
3233 3827 3695 3925 QUANDO
3750 3819 4075 3911 FAcrr·
4112 3827 4367 3912 con-

1387 3986 1394 3993 ·
1492 3979 2332 4068 DEMPNAnoNEs.

1310 4194 1499 4400 Q
1539 4310 1696 4365 TEM
1753 4303 2108 4366 statutum
2148 4302 2260 4364 est
2296 4283 2498 4389 quod
2538 4282 2906 4387 eligantur
2961 4310 3088 4389 per
3144 4283 3503 4365 electores
3558 4285 3902 4365 comunis
3939 4249 4392 4364 baennarum

1220 4443 1377 4523 duo
1433 4444 1780 4523 homines
1836 4469 1927 4522 ex
1982 4440 2129 4522 illis
2185 4442 2559 4522 societatis
2614 4468 2934 4546 quorum
2990 4468 3183 4521 unus
3237 4443 3592 4522 notarius.
3654 4442 3746 4521 Et
3800 4442 3952 4524 duo
4008 4441 4222 4524 electi
4279 4462 4394 4523 te-

1221 4576 1479 4680 neatur
1534 4618 1608 4678 et
1646 4599 1962 4679 debeant
2018 4625 2178 4679 esse
2208 4625 2403 4704 ‘curn
2460 4598 2780 4702 domino
2835 4616 3207 4703 potestate
3259 4599 3734 4680 baennarum.
3794 4619 3867 4680 et
3922 4628 4093 4681 cum
4152 4601 4396 4681 iudice

1220 4759 1345 4864 qui
1402 4756 1635 4839 facere
1693 4756 1992 4838 debebit
2046 4757 2765 4863 condempnationes
2821 4776 2894 4836 et
2948 4756 3457 4841 absolutiones
3511 4759 3587 4838 in
3643 4760 3952 4840 baennis
4003 4787 4140 4864 pro
4196 4760 4397 4839 curia

1222 4915 1398 4997 dicti
1455 4916 1628 4998 loci.
1686 4913 2065 5021 quielecti
2122 4917 2353 4996 iurare
2401 4933 2788 4996 teneantur
2837 4914 3172 5019 legaliter
3211 4935 3297 4998 et,
3323 4915 3519 4996 bona
3555 4915 3702 4996 fide
3741 4916 4136 5036 ostendere
4192 4916 4396 4998 dicto

1222 5073 1542 5155 domino
1596 5072 1821 5155 iudici
1905 5074 2161 5153 omnia
2246 5057 2557 5179 capitula
2615 5092 2689 5154 et
2746 5074 3261 5154 ordinamenta
3316 5102 3458 5179 que
3516 5075 4017 5178 cognouerint
4080 5095 4154 5156 et
4211 5077 4395 5156 scire

1219 5234 1544 5339 poterint
1598 5259 1759 5314 esse
1815 5259 1951 5338 pro
2007 5231 2469 5316 deffensione
2526 5252 2600 5313 et
2655 5232 2746 5312 ad
2803 5231 3348 5313 deffensionem
3404 5231 3793 5313 cuiuslibet
3847 5261 4163 5338 persone
4201 5233 4396 5314 dicte

1225 5392 1601 5472 societatis
1672 5368 2121 5472 baennarum
2198 5390 2563 5497 inculpate
2637 5410 2709 5471 et
2765 5390 3202 5471 denunciare
3274 5390 3516 5495 aliqua
3585 5392 3979 5472 occasione
4053 5393 4129 5472 in
4201 5391 4394 5473 dicta

1221 5550 1418 5629 curia
1490 5547 1940 5630 baennarum
2012 5548 2131 5631 uel
2199 5577 2328 5655 per
2394 5549 2669 5630 dictam
2743 5549 3046 5629 curiam.
3103 5566 3178 5629 et
3230 5548 3677 5630 deffendere.
3753 5569 3827 5629 et
3882 5550 4036 5629 iura
4108 5550 4394 5630 cuiusli-
