5117 6834
2187 293 2530 426 XLV1

786 593 965 675 libet
997 594 1373 674 beccarius
1409 593 1531 673 uel
1560 591 1993 690 macellator
2031 572 2211 673 non*
2225 594 2463 698 possit
2501 619 2637 672 nec
2676 592 2942 673 debeat
2980 584 3525 675 tenerecarnes
3561 596 3730 675 ouis
3766 609 3978 708 capre

783 753 999 834 bechi
1054 753 1328 864 arietis5
1360 752 1609 857 trogie
1668 769 1883 857 super
1937 751 2303 831 bancham
2342 753 2418 830 in
2457 779 2600 855 qua
2655 750 2939 832 tenebit-
2973 751 3094 832 uel
3132 752 3408 848 uendet
3463 759 3719 834 carn‘es
3771 757 3979 860 porci

783 932 857 993 et
913 912 1256 992 castrotis
1312 910 1446 991 sub
1505 893 1768 991 eadem
1825 936 2015 1015 pena
2073 908 2489 990 solidorum
2545 936 2619 988 v.
2678 911 2772 989 Et
2829 911 2889 990 si
2945 909 3210 1015 aliquis
3267 911 3637 993 beccarius
3691 912 3977 994 fulciret

782 1070 1110 1175 aliquam
1168 1069 1486 1149 bestiam
1542 1069 1664 1149 uel
1719 1070 1796 1149 in
1853 1097 1940 1150 ea
1995 1068 2397 1174 sufflauerit
2453 1095 2582 1149 seu
2640 1067 2971 1149 inflatam
3008 1068 3261 1150 fecerit
3298 1068 3541 1151 soluat
3594 1098 3731 1175 pro
3784 1098 3975 1176 pena

790 1228 1079 1310 solidos
1133 1257 1207 1308 x.
1264 1230 1359 1308 Et
1415 1226 1726 1332 quilibet
1778 1227 2188 1333 possit-de
2201 1227 2550 1347 predictis
2605 1254 2942 1347 acc-usare
2977 1246 3057 1345 et
3094 1229 3161 1309 ei
3191 1228 3525 1309 credatur
3553 1211 3973 1346 iuramento

782 1407 856 1468 et
895 1406 1229 1493 potestas
1264 1387 1505 1491 possit
1540 1386 1712 1466 inde
1744 1387 2131 1491 inquirere.
2192 1403 2270 1471 Et
2300 1402 2472 1492 quod
2517 1420 2798 1492 potestas
2845 1426 2994 1470 cum
3041 1404 3299 1472 sindicis
3345 1405 3450 1472 uel
3496 1406 3652 1473 alter
3680 1408 3971 1495 ipsorum

780 1580 1111 1632 teneantur
1159 1581 1223 1630 et
1270 1561 1537 1630 debeant
1582 1561 1730 1629 dare
1776 1563 2072 1630 stantiam
2120 1560 2378 1629 cuilibet
2424 1561 2624 1630 bestie
2672 1579 2734 1628 et
2780 1565 3061 1630 maxime
3108 1562 3325 1631 bestiis
3372 1564 3627 1632 bouinis
3664 1583 3735 1632 et
3783 1568 3974 1633 etiam

777 1740 1107 1791 teneantur
1155 1722 1303 1790 dare
1350 1723 1648 1789 stantiam
1696 1720 2024 1811 agnelletis
2073 1738 2136 1788 et
2182 1724 2477 1810 caprotiS.
2534 1703 2670 1811 (Ι)

383 2154 528 2232 205
761 2043 987 2214 DE
1037 2117 1680 2205 TESTORIBUS
1733 2115 1872 2201 ET
1924 2113 2388 2199 [PSORUM
2447 2109 3089 2199 IURAMENTO
3166 2109 3304 2195 ET
3383 2105 3950 2194 PARATURA

1072 2277 1400 2363 PANNI
1452 2277 1590 2362 ET
1640 2273 2137 2360 MENSURA
2186 2271 2671 2378 [PSORUM.

909 2582 965 2671 '³2
1092 2624 1249 2679 TEM
1306 2617 1660 2679 statutum
1720 2616 1831 2676 est
1891 2598 2094 2703 quod
2151 2616 2384 2678 testor
2449 2597 2567 2677 uel
2624 2600 2881 2678 testrix
2947 2598 3264 2678 habeant
3326 2618 3619 2681 tantum
3674 2602 3767 2682 de
3823 2605 3970 2716 tela

783 2776 1078 2838 sextum
1117 2757 1252 2864 (2)
1294 2775 1369 2837 et
1407 2756 1499 2837 de
1537 2783 1787 2862 panno
1841 2757 2061 2860 nigro
2099 2755 2445 2835 denarios
2480 2782 2659 2836 xv111
2694 2783 2832 2860 pro
2862 2775 3018 2835 tesa
3049 2756 3184 2863 (3)
3213 2777 3286 2837 et
3323 2758 3415 2868 de
3439 2759 3779 2863 quolibet
3817 2747 3968 2864 alio

776 2944 1027 3021 panno
1082 2914 1358 2996 albatio
1416 2915 1551 3022 (4)
1606 2915 1953 2995 denarios
1991 2940 2089 2994 111.
2132 2932 2206 2993 et
2243 2913 2336 2993 de
2374 2912 2546 2993 albo
2577 2913 2951 3038 ‘denarios
3005 2942 3082 2996 111
3137 2916 3271 3023 (5)
3320 2936 3392 2996 et
3432 2907 3593 2998 tesa'
3644 2920 3968 3016 ordioria

780 3051 1047 3155 debeat
1103 3099 1265 3154 esse
1322 3074 1544 3153 tercia
1583 3100 1748 3178 pars
1783 3071 1950 3177 plus
2004 3099 2227 3176 quam
2283 3071 2703 3152 uenditoria
2760 3074 3130 3154 comunis.
3189 3074 3324 3180 (6)
3363 3094 3438 3155 et
3473 3103 3788 3181 persona
3826 3106 3968 3183 que

776 3231 1287 3313 contrafecerit
1345 3230 1589 3312 soluat
1641 3257 1777 3335 pro
1833 3257 2024 3335 pena
2082 3229 2371 3311 solidos
2408 3257 2507 3310 111.
2551 3248 2625 3309 et
2660 3248 2997 3334 potestas
3053 3250 3387 3311 teneatur
3442 3234 3675 3315 facere
3733 3236 3966 3316 iurare

776 3390 1129 3472 custodes
1163 3410 1498 3496 parature
1556 3409 1629 3469 et
1689 3416 1961 3469 omnes
1998 3406 2319 3469 testores
2375 3408 2447 3469 et
2502 3389 2842 3469 testrices
2897 3389 2974 3467 in
3028 3389 3390 3495 principio
3429 3392 3541 3472 sui
3577 3394 3968 3498 regiminis

782 3549 1173 3629 obseruare
1229 3549 1554 3654 predicta
1594 3568 1667 3629 et
1704 3547 2032 3655 quelibet
2067 3573 2382 3653 persona
2418 3548 2657 3651 possit
2697 3545 2870 3626 inde
2909 3574 3270 3648 accusare.
3313 3567 3386 3628 et
3424 3551 3491 3629 ei
3547 3551 3966 3633 iuramento

780 3705 1112 3786 credatur
1168 3725 1243 3786 et
1296 3707 1561 3786 habeat
1616 3707 1920 3787 terciam
2002 3724 2287 3811 partem
2372 3705 2594 3785 banni
2654 3723 2727 3784 et
2782 3723 3118 3784 teneatur
3171 3707 3451 3810 priuata
3507 3727 3581 3787 et
3632 3729 3968 3813 potestas

780 3867 1020 3971 possit
1077 3891 1294 3969 super
1347 3864 1698 3969 predictis
1752 3864 2117 3968 inquirere
2173 3863 2264 3943 ad
2323 3890 2534 3943 suam
2590 3862 3081 3943 uoluntatem.
3143 3862 3393 3969 aliquo
3432 3865 3767 3970 capitulo,
3808 3875 3965 3948 non

781 4024 1147 4104 obstante.
1190 4041 1263 4102 et
1301 4042 1632 4127 potestas
1687 4024 1921 4103 iurare
1975 4040 2310 4102 teneatur
2365 4022 2731 4125 inquirere
2787 4020 3104 4125 singulis
3156 4023 3390 4103 tribus
3443 4015 3824 4138 mensibus
3873 3990 3965 4106 de

780 4183 1150 4287 predictiS.
1210 4201 1284 4263 et
1339 4181 1542 4287 quod
1582 4210 1736 4261 non
1774 4183 2067 4286 possint
2104 4208 2359 4285 capere
2400 4207 2655 4260 earum
2709 4199 2995 4285 partem
3052 4181 3295 4261 donec
3352 4181 3546 4260 dicta
3601 4180 3746 4300 tela
3804 4200 3964 4264 tota

676 4313 681 4317 Ι
780 4343 916 4421 erit
971 4339 1181 4421 facta.
1241 4358 1316 4420 et
1371 4340 1447 4419 in
1501 4341 1866 4445 presentia
1924 4339 2214 4420 domini
2270 4338 2415 4418 tele
2473 4337 2629 4418 siue
2669 4337 2977 4419 domine
3015 4338 3334 4418 debeant
3369 4339 3697 4444 accipere
3753 4367 3965 4421 suam

782 4519 1065 4603 partem
1120 4498 1267 4579 tele
1323 4497 1416 4578 de
1472 4497 1600 4579 tali
1655 4497 1801 4579 tela
1856 4526 2080 4603 quam
2149 4499 2542 4612 texuerint.
2586 4515 2660 4576 et
2716 4497 2772 4577 si
2834 4525 2976 4602 qua
3033 4497 3291 4577 testrix
3345 4498 3648 4602 pecierit
3704 4499 3843 4577 nisi
3883 4517 3965 4577 ut

778 4657 1191 4763 predictum
1249 4676 1383 4738 est.
1444 4656 1688 4738 soluat
1741 4685 1877 4762 pro
1932 4684 2122 4762 pena
2162 4655 2449 4737 solidos
2503 4685 2550 4734 x
2606 4683 2742 4760 pro
2781 4654 3104 4760 qualibet
3139 4683 3456 4761 persona
3512 4674 3586 4734 et
3639 4655 3966 4760 qualibet

781 4818 964 4897 uice.
1027 4836 1100 4896 et
1157 4815 1481 4921 quelibet
1536 4843 1852 4922 persona
1908 4815 2145 4920 possit
2202 4814 2373 4894 inde
2429 4842 2794 4894 accusare.
2854 4834 2928 4894 et
2982 4815 3049 4893 ei
3107 4816 3526 4893 iuramento
3600 4813 3958 4894 credatur.

785 4993 851 5046 Et
886 4992 1032 5064 quod
1069 4993 1195 5046 dicti
1231 5003 1455 5046 testores
1492 5003 1545 5045 et
1581 4991 1817 5046 testrices
1853 5007 1964 5044 non
2004 4991 2206 5060 possint
2258 4990 2425 5044 facere
2481 4991 2645 5044 telam
2700 4990 2785 5043 uel
2832 5006 3066 5059 pannum
3122 4990 3276 5043 alicui
3320 5005 3543 5059 persone
3589 5001 3837 5044 extranee
3874 5007 3959 5044 ex·

779 5151 941 5220 ceptis
976 5149 1282 5202 hominibus
1334 5147 1555 5202 domini.
1593 5147 1675 5218 (7)
1711 5148 1800 5218 qui
1836 5158 2115 5201 teneantur
2170 5147 2339 5201 iurare
2377 5146 2527 5200 filum
2565 5162 2680 5202 esse
2731 5163 2887 5201 suum
2935 5146 3033 5200 sub
3079 5162 3212 5216 pena
3250 5162 3345 5216 pro
3379 5145 3610 5217 qualibet
3657 5157 3807 5216 teysa
3843 5146 3963 5199 soli·

778 5308 969 5362 dorum
1005 5325 1039 5359 x
1077 5307 1132 5360 in
1170 5308 1411 5360 manibus
1447 5306 1651 5360 domini
1689 5307 1962 5375 potestatis
1999 5317 2053 5382 et
2088 5304 2335 5358 dominus
2391 5317 2619 5375 potestas
2673 5316 2911 5358 teneatur
2966 5305 3226 5374 inquirere
3263 5303 3317 5356 in
3354 5303 3588 5374 quolibet
3637 5320 3837 5357 mense.
3875 5305 3962 5373 (8)
