5117 6834
329 1408 462 1482 301

331 4193 473 4271 302

2111 385 2451 487 LXXI

709 658 894 726 fuerit
940 681 1050 746 per
1097 660 1496 726 stantiatores
1543 660 1835 724 comunis
1881 681 1996 724 nec
2044 656 2471 744 scandaglium
2519 658 2643 723 nisi
2688 658 3073 723 autenticum
3124 655 3307 722 fuerit
3347 676 3415 722 ut
3455 679 3660 744 supra.
3708 656 3884 723 saluo

712 817 882 905 quod
930 818 983 881 si
1032 817 1256 904 aliquis
1304 818 1527 882 emerit
1574 816 1650 881 ad
1701 815 1915 881 falsam
1981 838 2338 881 mensuram
2390 814 2493 889 nel
2539 813 2827 881 uenderit
2872 813 3078 882 soluat
3123 836 3239 901 pro
3284 812 3559 902 qualibet
3621 815 3885 880 sestario

710 997 822 1042 seu
869 977 1078 1040 emina
1522 975 1759 1040 solidos
1807 997 1882 1041 Lx
1932 976 1984 1039 si
2035 995 2325 1039 mensure
2371 972 2601 1039 fuerint
2648 992 2759 1038 sue
2805 971 2907 1037 uel
2953 971 3281 1058 fustigetur
3326 972 3766 1037 incontinenti.
3874 989 3881 994 ·

694 1284 916 1448 DE
968 1363 1204 1446 NON
1259 1363 1934 1447 RONCHANDO
1989 1365 2097 1444 IN
2153 1365 2583 1447 BOSCHIS
2638 1368 2782 1447 UT
2836 1367 3165 1488 INFRA.

818 1578 1008 1781 ἕξ
1032 1717 1188 1771 TEM
1246 1711 1598 1770 statutum
1658 1710 1767 1770 est
1824 1691 2025 1796 quod
2083 1691 2325 1796 aliqua
2379 1718 2695 1796 persona
2732 1693 3254 1795 cuiuscumque
3302 1689 3755 1770 conditionis
3793 1691 3886 1769 sit

712 1848 869 1928 ullo
926 1848 1164 1928 modo
1222 1849 1484 1929 audeat
1540 1848 1658 1929 uel
1718 1867 2088 1952 presumat
2142 1851 2503 1929 ronchare
2559 1868 2875 1969 strepare
2932 1849 3065 1956 (1)
3146 1847 3481 1929 claudere
3538 1875 3667 1929 seu
3722 1874 3890 1928 ron-

711 2006 907 2087 chari
967 2008 1202 2086 cauari
1263 2009 1560 2112 strepari
1618 2035 1747 2087 seu
1804 2007 2039 2086 claudi
2125 2006 2357 2086 facere
2440 2006 2762 2111 aliquam
2826 2008 3381 2111 possessionem
3436 2033 3566 2086 seu
3622 2033 3889 2086 nemus

717 2166 793 2244 in
851 2164 1138 2245 boscho
1195 2165 1457 2245 benalli
1519 2165 1755 2245 defexi
1818 2185 1891 2245 et
1948 2167 2021 2245 in
2078 2167 2308 2246 costis
2344 2164 2866 2245 valancharum
2908 2165 3041 2273 (2)
3088 2162 3517 2270 galiciarum
3556 2183 3630 2245 et
3668 2192 3885 2270 gurre

715 2343 869 2403 tam
928 2350 1138 2407 suam
1196 2351 1416 2428 quam
1474 2324 1815 2404 alienam.
1875 2326 1965 2404 Et
2020 2352 2334 2430 persona
2417 2351 2559 2430 que
2642 2323 3149 2404 contrafecerit
3204 2321 3445 2403 soluat
3499 2351 3633 2428 pro
3698 2350 3886 2429 pena

711 2510 848 2588 pro
904 2480 1225 2587 qualibet
1283 2501 1356 2561 et
1411 2481 1732 2586 qualibet
1789 2484 1947 2563 uice
2006 2481 2291 2565 solidos
2328 2510 2423 2563 Lx
2459 2501 2812 2562 astenses,
2855 2482 2947 2560 Et
2983 2480 3184 2586 quod
3222 2479 3508 2561 nullum
3556 2480 3883 2562 bannum

716 2638 1044 2719 soluatur
1082 2638 1173 2719 ab
1210 2637 1448 2745 aliqua
1487 2666 1798 2742 persona
1839 2641 2231 2721 occasione
2269 2640 2578 2745 alicuius
2614 2640 2916 2744 dampni
2953 2639 3103 2719 dati
3143 2665 3271 2719 seu
3307 2637 3476 2719 facti
3516 2641 3590 2719 in
3635 2638 3884 2744 aliquo

714 2798 1002 2876 roncho
1076 2816 1285 2901 prato
1360 2798 1514 2876 siue
1571 2796 1816 2876 blado.
1877 2794 2085 2876 factis
2140 2815 2395 2877 contra
2449 2815 2870 2901 presentem
2935 2793 3358 2900 capitulum.
3415 2796 3508 2914 Et
3563 2794 3886 2900 quelibet

711 2980 1027 3059 persona
1084 2935 1226 3058 que
1284 2953 1532 3033 fecerit
1590 2952 1967 3059 sequelam
2025 2954 2341 3034 domino
2396 2953 2749 3058 potestati
2820 2972 3153 3033 teneatur
3209 2955 3438 3033 iurare
3495 2951 3885 3034 obseruare

712 3110 1060 3216 predicta.
1123 3113 1212 3190 Et
1268 3109 1590 3215 quelibet
1644 3138 1960 3216 persona
1997 3113 2233 3215 possit
2269 3110 2442 3236 inde
2480 3137 2819 3191 accusare
2858 3131 2930 3191 et
2969 3111 3035 3191 ei
3073 3111 3491 3191 iuramento
3528 3110 3883 3192 credatur.

715 3289 787 3349 et
845 3270 1106 3350 habeat
1162 3271 1454 3349 tertiam
1510 3289 1790 3374 partem
1849 3270 2095 3349 banni.
2138 3269 2230 3349 Et
2267 3269 2623 3349 dominus
2667 3287 2995 3374 potestas
3030 3246 3266 3374 possit
3303 3286 3377 3347 et
3413 3268 3678 3349 debeat
3715 3269 3885 3350 inde

715 3428 1102 3532 inquirere.
1163 3447 1235 3507 et
1292 3427 1492 3532 quod
1552 3427 1759 3507 nullo
1834 3427 2072 3508 modo
2154 3428 2391 3533 possit
2474 3454 2718 3508 secare
2783 3426 2901 3507 uel
2957 3426 3199 3507 fenare
3255 3427 3330 3506 in
3387 3429 3616 3507 costis
3672 3456 3888 3532 gurre

714 3584 1144 3687 galiciarum
1201 3603 1273 3663 et
1330 3584 1821 3664 vallancarum
1879 3584 2118 3689 aliqua
2175 3611 2488 3689 persona
2546 3588 2680 3664 sub
2714 3584 2979 3665 eadem
3033 3611 3246 3689 pena.
3302 3583 3422 3664 uel
3477 3583 3701 3664 senari
3760 3612 3888 3664 seu

714 3743 936 3820 secari
999 3740 1253 3821 facere.

694 4072 918 4241 DE
969 4154 1513 4240 FERRARIIS.

819 4368 1010 4572 ἐξ
1038 4505 1194 4558 TEM
1243 4496 1597 4559 statutum
1656 4498 1766 4558 est
1831 4478 2034 4582 quod
2099 4477 2405 4582 quilibet
2461 4479 2817 4559 ferrarius
2875 4477 3212 4560 habitans
3267 4496 3521 4564 baennis
3576 4479 3711 4587 (3)
3768 4480 3883 4561 uel

714 4639 838 4742 qui
897 4636 1220 4716 habitare
1279 4636 1600 4718 uoluerit
1652 4653 1988 4715 teneatur
2025 4655 2100 4716 et
2136 4635 2400 4715 debeat
2437 4634 2672 4716 facere
2727 4635 3165 4717 ferramenta
3219 4636 3517 4717 cuilibet
3570 4664 3886 4742 persone

714 4794 808 4874 de
869 4793 1174 4874 baennis
1232 4811 1306 4873 et
1364 4794 1461 4873 ibi
1517 4795 1855 4873 habitans
1909 4811 1991 4873 ut
2047 4790 2227 4872 infra
2299 4793 2745 4873 continetur.
2819 4794 3064 4898 primo
3119 4822 3254 4900 pro
3310 4794 3695 4875 calciatura
3752 4794 3886 4902 (4)

717 4979 960 5032 masse
1018 4953 1151 5059 (ς)
1209 4952 1554 5033 denarios
1608 4978 1789 5032 xvm
1845 4971 1918 5033 et
1974 4977 2145 5058 sape
2201 4951 2546 5032 denarios
2581 4979 2730 5032 xvi.
2772 4952 2960 5033 Item
2998 4980 3133 5058 pro
3180 4952 3450 5033 factura
3488 4970 3675 5034 teste
3715 4980 3886 5059 sape

719 5109 1063 5189 denarios
1117 5136 1268 5188 vm.
1328 5127 1401 5189 et
1456 5137 1590 5214 pro
1645 5109 2026 5189 calciatura
2111 5112 2384 5191 securis
2447 5108 2733 5191 solidos
2790 5137 2862 5191 11.
2920 5126 2995 5190 et
3046 5137 3182 5215 pro
3237 5109 3619 5191 calciatura
3675 5110 3883 5190 cultri

719 5264 1042 5346 solidum
1101 5295 1145 5346 1.
1205 5268 1392 5346 Item
1447 5293 1582 5372 pro
1640 5265 1907 5347 factura
1966 5269 2238 5348 securis
2292 5294 2490 5347 noue
2548 5267 2835 5348 solidos
2879 5294 2956 5349 111
3012 5285 3086 5348 et
3140 5267 3483 5348 denarios
3527 5293 3606 5348 vl
3643 5284 3716 5347 et
3752 5293 3886 5372 pro

721 5422 990 5503 factura
1047 5424 1395 5504 teniuelle
1452 5424 1777 5505 solidum
1836 5453 1856 5504 1
1915 5444 1987 5505 et
2043 5424 2354 5505 tiniuelli
2412 5425 2702 5505 siueleri
2742 5425 2875 5532 (6)
2914 5425 3258 5505 denarios
3311 5452 3386 5506 vl
3442 5398 3516 5505 et
3568 5451 3705 5529 pro
3750 5422 3889 5505 fac-

717 5599 874 5660 tura
930 5582 1316 5662 cuiuslibet
1374 5582 1647 5664 buxole
1705 5611 1954 5662 currus
2036 5603 2110 5663 et
2191 5611 2326 5688 pro
2409 5582 2732 5689 qualibet
2786 5582 2965 5662 libra
3022 5582 3228 5662 ferrei
3285 5582 3630 5663 denarios
3681 5608 3757 5663 111
3813 5600 3887 5661 et
