5117 6834
2260 330 2447 434 XL

764 621 1185 702 iuramento
1266 620 1674 728 quamlibet
1741 648 2143 727 personam
2224 640 2733 702 transeuntem
2816 650 2947 704 seu
3005 628 3334 705 ‘euntem
3417 612 3621 703 extra
3701 622 3962 703 uillam
4073 718 4076 721 Δ

767 781 1244 860 baennarum.
1301 805 1433 884 per
1489 805 1706 885 super
1761 800 2006 884 stepas
2060 778 2393 860 clausure
2457 767 2635 862 uille
2691 782 3144 862 baennarum
3202 800 3277 861 et
3330 778 3739 885 quamlibet
3806 780 3963 886 per-

764 964 1035 1019 sonam
1104 937 1522 1043 capientem
1577 937 1672 1018 de
1729 938 1957 1043 stepis
2021 937 2179 1019 siue
2255 936 2611 1020 clausuris
2678 939 2842 1021 aliis
2908 940 3274 1020 comunis,
3346 958 3420 1019 et
3475 940 3544 1019 ei
3601 938 3960 1020 credatur.

767 1099 843 1175 et
894 1095 1162 1176 habeat
1224 1097 1520 1176 tertiam
1592 1114 1880 1201 partem
1956 1097 2203 1207 banni.
2263 1115 2336 1176 et
2398 1077 2736 1177 teneatur
2810 1097 3110 1201 priuata.
3172 1097 3266 1177 Et
3318 1114 3652 1202 potestas
3721 1096 3963 1202 possit

768 1253 1153 1357 inquirere.
1214 1272 1288 1334 et
1342 1252 1518 1335 inde
1574 1271 1934 1335 teneatur.

374 1778 407 1833 1
423 1753 468 1832 8
482 1778 515 1833 1
750 1675 978 1841 DE
1032 1753 1528 1840 CARBONE
1579 1753 1823 1837 NON
1872 1752 2383 1837 DUCENDO
2436 1752 2794 1838 EXTRA
2843 1752 3166 1840 FINEM
3216 1685 3904 1839 BAENNARUM.
4035 1788 4041 1794 ·

875 1970 1066 2176 Q
1082 2092 1241 2148 τευ
1296 2084 1655 2147 statutum
1696 2084 1810 2147 est
1845 2064 2050 2171 quod
2106 2064 2349 2170 aliqua
2384 2090 2704 2171 persona
2761 2092 2919 2146 non
2971 2066 3211 2171 possit
3248 2092 3387 2147 nec
3424 2066 3806 2146 extrahere
3843 2064 3966 2146 uel

766 2223 1050 2307 extrahi
1103 2224 1365 2306 facere.
1422 2224 1691 2305 ducere
1746 2222 1869 2305 uel
1923 2223 2095 2304 duci
2149 2222 2387 2304 facere
2445 2225 2848 2304 carbonem
2886 2222 3162 2304 factum
3218 2223 3341 2303 uel
3394 2205 3656 2305 natum
3699 2224 3779 2303 in
3816 2223 3966 2324 fine

767 2384 1220 2469 baennarum
1275 2401 1480 2462 extra
1531 2408 1755 2487 posse
1811 2380 2294 2462 baennarum.
2352 2366 2492 2462 nec
2549 2382 2776 2461 etiam
2858 2381 3127 2462 ducere
3182 2409 3226 2462 a
3277 2381 3457 2462 uilla
3511 2381 3967 2462 baennarum

766 2540 1069 2621 inferius
1122 2558 1328 2620 extra
1380 2539 1614 2620 finem
1668 2539 2149 2619 baennarum.
2211 2539 2346 2619 sub
2402 2537 2657 2643 aliquo
2712 2539 3027 2643 ingenio
3082 2539 3368 2620 dictum
3424 2540 3852 2622 carbonem.
3894 2559 3969 2620 et

765 2699 890 2802 qui
948 2715 1206 2777 contra
1260 2695 1513 2777 fecerit
1570 2695 1814 2777 soluat
1865 2723 2004 2802 pro
2058 2722 2272 2801 pena.
2312 2722 2450 2801 pro
2488 2695 2816 2801 qualibet
2851 2696 3249 2802 plaustrata
3306 2696 3596 2779 solidos
3651 2725 3700 2776 x
3742 2666 3965 2778 curie.

764 2855 858 2935 Et
930 2852 1239 2960 quilibet
1318 2854 1560 2959 possit
1638 2852 1813 2934 inde
1893 2879 2257 2933 accusare.
2342 2872 2418 2933 et
2493 2854 2562 2934 ei
2635 2853 2971 2935 credatur
3050 2855 3476 2936 iuramento
3554 2873 3627 2936 et
3700 2856 3971 2936 habeat

764 3011 1060 3092 tertiam
1130 3029 1417 3117 partem
1491 3010 1736 3090 banni.
1815 3028 1891 3090 et
1960 3009 2109 3090 hoc
2181 3036 2340 3091 non
2409 3012 2651 3118 possit
2723 2988 3098 3092 remoueri
3182 3010 3546 3093 conscilio
3617 3011 3742 3093 uel
3816 3012 3969 3093 alio

765 3167 1030 3249 modo.

376 3701 409 3757 1
425 3676 521 3756 82
748 3582 1153 3791 QJOD
1204 3662 1709 3750 BERBIARII
1760 3664 2003 3749 NON
2055 3609 2585 3750 TENEANT'
2612 3665 2867 3750 suAs
2919 3665 3362 3749 BEsTIAs

875 3882 1066 4088 Q
1083 4006 1241 4063 TEM
1314 3998 1673 4063 statutum
1737 3998 1853 4062 est
1888 3974 2093 4087 quod
2131 3979 2398 4085 aliquis
2450 3982 2857 4063 berbiarius
2895 4001 3286 4063 extraneus
3325 3983 3780 4063 baennarum
3839 3981 3961 4063 uel

762 4141 1091 4246 priuatus
1161 4167 1355 4234 non,
1390 4140 1632 4244 possit
1693 4166 1831 4220 nec
1905 4138 2202 4237 debeat·
2232 4138 2502 4220 habere
2577 4165 2717 4220 nec
2787 4158 3041 4221 tenere
3095 4140 3172 4220 in
3228 4141 3537 4221 baennis
3594 4158 3668 4220 et
3723 4166 3961 4246 ‚posse

764 4297 1091 4402 aliquam
1144 4298 1460 4378 bestiam
1515 4322 1660 4402 que
1717 4295 1813 4376 sit
1868 4323 2022 4377 sua.
2097 4293 2220 4376 uel
2286 4296 2365 4376 in
2429 4323 2574 4400 qua
2637 4296 2904 4378 habeat
2975 4294 3207 4376 ullam
3231 4315 3572 4401 partem.
3638 4298 3781 4378 nisi
3838 4324 3963 4379 eas

763 4455 971 4537 daret
1023 4454 1117 4567 acl
1170 4453 1580 4536 tenendum
1635 4452 1729 4534 ad
1784 4471 2003 4559 caput
2055 4452 2370 4534 saluum.
2425 4451 2549 4534 uel
2585 4451 2679 4533 ad
2710 4452 3111 4534 soccidam.
3175 4454 3272 4535 Et
3298 4454 3425 4558 qui
3453 4453 3965 4536 contrafecerit

768 4611 1013 4693 soluat
1063 4639 1203 4718 pro
1256 4638 1448 4717 pena
1518 4612 1827 4717 quocies
1906 4609 2161 4692 fecerit
2242 4609 2532 4691 solidos
2585 4637 2636 4689 v
2690 4610 2888 4691 curie
2945 4630 3020 4692 et
3072 4580 3397 4691 totidem
3450 4639 3589 4717 pro
3645 4611 3963 4693 emenda

765 4769 1096 4851 comuni.
1154 4770 1482 4875 exceptis
1535 4768 1792 4851 bestiis
1847 4795 2029 4873 quas
2082 4767 2493 4850 custodiret
2546 4766 2643 4848 de
2697 4767 3031 4874 hospitio
3086 4769 3164 4849 in
3220 4762 3375 4874 quo
3433 4787 3658 4857 staret
3712 4795 3959 4849 comu-

768 4927 980 5007 niter.
1038 4926 1133 5007 de
1189 4926 1456 5032 quibus
1508 4924 1800 5006 nullum
1853 4924 2186 5006 bannum
2256 4924 2553 5007 soluat„
2595 4943 2672 5006 et
2726 4925 3082 5031 quelibet.
3118 4952 3436 5031 persona
3492 4927 3733 5031 possit
3788 4926 3961 5007 inde

766 5111 1127 5165 accusare.
1189 5102 1264 5166 et
1318 5084 1388 5164 ei
1436 5084 1864 5164 ‘iuramento
1921 5082 2278 5163 credatur.
2339 5100 2414 5163 et
2467 5101 2805 5164 teneatur
2858 5084 3164 5191 priuata.
3225 5084 3320 5163 Et
3372 5101 3706 5189 potestas
3734 5084 3961 5164 etiam

765 5244 1004 5348 possit
1058 5243 1423 5347 inquirere
1492 5241 1587 5322 ad
1657 5268 1869 5322 suam
1939 5239 2434 5322 uoluntatem.
2512 5259 2588 5320 et
2657 5260 2990 5346 potestas
3035 5259 3381 5321 teneatur
3435 5239 3670 5321 facere
3725 5213 3961 5322 iurare

769 5424 1041 5480 omnes
1093 5398 1499 5480 berbiarios
1561 5402 1954 5480 obseruare
2006 5398 2336 5505 predicta
2392 5417 2469 5479 et
2521 5424 2862 5497 accusare
2927 5395 3541 5479 contrafacientes
3596 5414 3671 5478 et
3733 5399 3961 5479 etiam

770 5556 1135 5661 inquirere
1191 5556 1405 5636 omni
1461 5582 1723 5638 mense
1778 5555 1873 5637 de
1927 5555 2277 5662 predictis
2334 5591 2399 5641 et
2443 5571 2618 5663 quod
2661 5572 2870 5640 nullus
2930 5571 3280 5641 berbiarius
3339 5573 3545 5662 possit
3590 5571 3696 5640 uel
3740 5570 3962 5641 debeat
