5117 6834
763 1467 914 1549 174

599 4360 605 4365 ·
763 4329 910 4434 176

1246 739 1355 792 v
1394 680 1556 796 {gec
1631 666 1771 753 est
1843 642 2235 752 collacio
2307 646 2618 752 tercia.
2699 644 3134 754 uidelicet
3207 646 3329 753 de
3402 647 3861 754 omnibus
3919 646 4345 788 regarda-

1254 839 1586 945 κ
1696 828 1873 964 (2)
1936 861 2042 943 ut
2089 836 2348 945 infra.

1160 1372 1383 1539 DE
1436 1446 2081 1534 EXPULSIONE
2134 1445 2861 1532 POSSESSIONIS.
2979 1526 2984 1530 .

1263 1670 1451 1874 Q
1472 1782 1633 1838 TEM
1687 1774 2046 1838 statutum
2103 1776 2216 1838 est
2270 1760 2474 1863 quod
2532 1762 2595 1856 si
2649 1756 2891 1863 aliqua
2943 1784 3262 1864 persona
3330 1757 3735 1836 turbauerit
3815 1754 3936 1836 uel
3992 1754 4346 1836 molesta-

1150 1917 1340 1997 uerit
1392 1914 1716 2022 aliquam
1769 1914 1992 1997 aliam
2042 1943 2444 2023 personam
2481 1920 2560 1999 in
2595 1918 3074 2025 possessione
3111 1915 3431 1996 alicuius
3472 1915 3581 1996 rei
3635 1913 3880 1996 soluat
3913 1939 4053 2020 pro
4089 1914 4344 1996 banno

1153 2076 1216 2155 si
1268 2075 1649 2180 possessio
1705 2073 1920 2156 fuerit
1973 2075 2250 2156 ualoris
2287 2076 2705 2189 solidorum
2741 2104 2841 2155 xx
2878 2074 3001 2156 uel
3047 2101 3260 2180 supra
3298 2072 3587 2155 solidos
3621 2101 3694 2154 x.
3737 2090 3811 2153 et
3846 2100 3890 2152 a
3927 2070 4189 2153 solidis
4242 2102 4345 2152 xx

1148 2260 1382 2338 usque
1436 2234 1515 2313 in
1571 2232 1860 2314 solidos
1912 2261 1962 2313 x
2017 2232 2261 2315 soluat
2311 2262 2452 2341 pro
2510 2240 2758 2315 banno
2813 2232 3102 2315 solidos
3128 2259 3203 2313 v.
3243 2253 3319 2314 et
3369 2260 3415 2312 a
3470 2230 3733 2312 solidis
3768 2258 3821 2312 x
3858 2229 4044 2312 infra
4097 2230 4343 2313 soluat

1148 2412 1285 2497 pro
1322 2390 1574 2472 banno
1629 2390 1917 2473 solidos
1969 2418 2070 2473 111.
2111 2410 2186 2473 et
2223 2391 2429 2497 quod
2466 2391 2793 2497 quelibet
2828 2417 3145 2499 persona
3179 2390 3418 2496 possit
3454 2388 3628 2470 inde
3664 2359 4029 2470 accusare.
4070 2408 4147 2471 et
4182 2389 4345 2470 eius

1149 2550 1569 2629 iuramento
1606 2548 1962 2630 credatur.
2003 2569 2080 2630 et
2112 2568 2451 2656 potestas
2483 2551 2724 2656 possit
2759 2568 2835 2631 et
2871 2567 3207 2633 teneatur
3242 2547 3417 2629 inde
3455 2547 3822 2653 inquirere
3877 2547 3942 2628 si
3996 2548 4065 2627 ei
4120 2548 4339 2628 fuerit
4382 2532 4388 2537 ⁶

1150 2702 1704 2788 denunciatum.

1159 3126 1383 3293 DE
1436 3205 1804 3288 EUNDO
1857 3205 2003 3287 AD
2056 3201 2807 3287 SCARAUAYTAS
2858 3196 2993 3305 (3)

1259 3420 1449 3626 Q
1469 3538 1629 3594 TEM
1683 3529 2042 3594 statutum
2099 3530 2211 3592 est
2265 3510 2470 3616 quod
2529 3512 2591 3592 si
2645 3510 2912 3616 aliquis
2965 3538 3122 3592 non
3160 3511 3378 3592 iuerit
3413 3510 3507 3591 ad
3543 3529 4031 3615 scarauaytaS.
4089 3508 4210 3590 uel
4248 3509 4342 3591 ad

1156 3688 1459 3777 uaytam
1514 3670 1651 3779 (4)
1707 3673 1896 3753 sicut
1952 3672 2040 3751 ei.
2072 3688 2503 3776 preceptum
2576 3669 2814 3751 fuerit.
2873 3671 2934 3750 si
2988 3668 3204 3751 fuerit
3276 3668 3461 3749 infra
3535 3668 3791 3751 uillam
3864 3638 4341 3750 Baennarum.

1150 3828 1355 3910 dabit
1408 3856 1546 3936 pro
1600 3856 1792 3935 pena
1847 3805 2176 3910 solidum
2230 3855 2280 3909 1.
2337 3846 2414 3908 et
2466 3827 2560 3908 de
2616 3828 2766 3908 hoc
2816 3827 3155 3908 credatur
3210 3854 3351 3909 suo
3406 3828 3852 3909 iuramento.

1155 4248 1312 4414 D
1319 4329 1381 4409 E
1433 4322 2332 4410 MALEDICENTIBUS
2382 4326 2520 4407 DE
2572 4324 2790 4407 ΠΕΟ
2844 4324 2983 4406 ET
3035 4322 3457 4407 SANCTA
3506 4320 3867 4406 MARIA.

1253 4545 1447 4749 ΞΕ
1470 4652 1630 4719 *rm
1684 4654 2044 4718 statutum
2100 4655 2214 4719 est
2245 4637 2456 4744 quod
2509 4638 2576 4718 si
2631 4637 2873 4744 aliqua
2926 4645 3252 4743 persona
3296 4634 3826 4718 destrauauerit
3880 4637 4019 4745 (5)
4061 4637 4185 4719 uel
4234 4637 4349 4719 di-

1149 4797 1342 4878 xerit
1412 4795 1700 4911 malum
1749 4784 1849 4877 de
1906 4815 2156 4877 sancta
2223 4797 2455 4877 maria
2525 4795 2649 4877 uel
2714 4796 2812 4877 de
2880 4795 3056 4876 de0.
3134 4794 3378 4877 soluat
3443 4820 3581 4901 pro
3634 4820 3826 4901 pena
3878 4796 4189 4902 quocies
4236 4792 4350 4876 di·

1151 4956 1342 5037 xerit
1398 4954 1691 5038 solidos
1743 4976 1839 5036 Lx
1896 4955 2035 5063 (6)
2083 4956 2311 5037 curie.
2370 4972 2445 5036 et
2497 4956 2562 5036 si
2612 4954 2904 5035 dictum
2956 4954 3289 5034 bannum
3342 4946 3635 5034 soluere
3670 4978 3832 5035 non
3868 4955 4144 5061 poterit
4196 4955 4350 5034 tru-

1152 5117 1471 5221 stigetur
1525 5115 2024 5195 incontinenti
2079 5138 2209 5220 per
2263 5136 2534 5196 omnes
2602 5130 2848 5194 matas
2916 5112 3094 5193 uille
3168 5115 3648 5194 baennarum.
3704 5112 3827 5194 uel
3880 5131 4200 5219 ponatur
4251 5112 4346 5195 ad

1153 5273 1619 5380 pellerinum.
1675 5290 1754 5355 et
1805 5274 1908 5354 ibi
1965 5292 2111 5354 stet
2161 5295 2292 5379 per
2343 5274 2641 5354 tertiam
2674 5291 2961 5379 partem
2997 5271 3147 5353 diei
3176 5272 3270 5352 ad
3306 5272 3582 5353 minus,
3628 5290 3706 5352 et
3743 5270 4053 5378 quilibet
4105 5271 4349 5377 possit

1152 5426 1328 5513 inde
1383 5451 1851 5514 sacramento
1905 5454 2246 5514 accusare
2281 5451 2360 5513 et
2395 5431 2662 5513 habeat
2715 5431 3012 5512 tertiam
3064 5449 3353 5536 partem
3406 5429 3633 5511 banni
3668 5448 3747 5511 et
3784 5430 3850 5510 ei
3894 5428 4232 5511 credatur
4268 5446 4349 5510 et

1153 5609 1488 5671 teneatur
1540 5592 1845 5697 priuata.
1903 5620 1958 5665 et
1994 5607 2221 5665 famulus
2257 5609 2399 5665 curie
2434 5610 2600 5681 possit
2635 5624 2880 5664 accusare
2914 5620 2969 5664 et
3005 5606 3117 5663 eius
3152 5607 3459 5663 immento
3493 5606 3757 5663 credam.
3792 5607 3886 5680 (7)
