5117 6834
363 1414 515 1516 278

370 3325 521 3404 279

377 4825 531 4903 280

2194 376 2484 481 LXV

758 652 960 778 quod
1017 673 1343 778 quelibet
1396 699 1713 779 persona
1767 673 2016 753 ueniat
2068 671 2160 752 ad
2216 671 2668 752 audiendum
2707 669 2857 775 legi
2896 670 3091 751 dicta
3127 669 3463 776 capitula.
3523 705 3587 755 et
3630 706 3920 756 teneatur

756 866 1037 938 potestas
1089 847 1294 916 facere
1340 847 1684 916 obseruare
1729 870 1988 937 presens
2034 848 2381 938 capitulum
2425 846 2686 914 uinculo
2730 847 3072 913 iuramenti
3118 847 3172 912 si
3218 870 3254 914 a
3299 848 3556 917 sindicis
3588 851 3925 939 requisitus

762 1008 972 1075 fuerit.

757 1323 1164 1532 QOD
1235 1406 1632 1492 NOMEN
1711 1406 1848 1491 ET
1929 1408 2506 1493 PRENOMEN
2587 1407 3448 1493 CUSTODIENTIUM
3527 1406 3937 1491 BESTIAS

1073 1563 1746 1650 EXPRIMATUR
1799 1566 1910 1648 IN
1964 1565 2368 1648 ACCUSA
2420 1565 2557 1650 AB
2578 1623 2583 1626 Α
2608 1563 3324 1662 ACCUSATORE.

915 1801 965 1840 A,

905 1833 966 1965 Ξ·
998 1851 1236 1970 Β·4ΤΕΜ
1291 1903 1647 1967 statutum
1704 1905 1816 1966 est
1870 1885 2074 1989 quod
2132 1884 2456 1990 quelibet
2510 1911 2825 1990 persona
2899 1913 3041 1990 que
3114 1886 3563 1967 accusauerit
3652 1884 3932 1990 aliquas

759 2041 1033 2121 bestias
1085 2040 1391 2122 alicuius
1443 2069 1762 2148 persone
1798 2062 2132 2124 teneatur
2167 2071 2446 2149 ponere
2504 2044 2581 2123 in
2637 2071 2905 2158 accusa,
2950 2043 3309 2124 dictarum
3366 2044 3766 2162 bestiarum
3790 2071 3935 2123 *no-

764 2183 938 2278 men
996 2216 1068 2278 et
1122 2226 1534 2303 prenomen
1608 2226 1923 2305 persone
1980 2227 2109 2281 seu
2162 2228 2648 2307 personarum
2687 2179 3298 2282 'custodientium
3373 2167 3604 2296 dictas
3672 2201 3938 2281 bestias

762 2374 1159 2438 accusatas
1216 2357 1310 2437 Et
1367 2358 1428 2437 si
1483 2384 1640 2438 non
1705 2358 2058 2439 haberent
2128 2359 2545 2439 custodiam
2618 2377 2951 2439 teneatur
3014 2341 3249 2438 facere
3321 2359 3791 2439 mentionem
3860 2359 3937 2438 in

763 2540 1022 2594 accusa
1076 2514 1279 2618 quod
1336 2514 1567 2596 bestie
1624 2513 1891 2596 fuerint
1947 2516 2104 2596 sine
2160 2516 2517 2597 custodia.
2559 2518 2652 2597 Et
2689 2518 2750 2597 si
2787 2515 3111 2622 predicta
3166 2543 3320 2597 non
3367 2516 3939 2597 continebuntur

765 2675 842 2753 in
898 2699 1181 2753 accusa.
1240 2699 1499 2753 accusa
1553 2674 1647 2754 sit
1702 2672 1975 2755 nullius
2026 2673 2323 2755 ualoris.
2409 2694 2482 2755 et
2564 2675 2767 2780 quod
2833 2695 3085 2756 custos
3137 2676 3537 2757 bestiarum
3605 2696 3940 2757 teneatur

766 2830 1054 2912 soluere
1110 2829 1455 2911 bannum·
1495 2849 1569 2912 et
1622 2859 1778 2912 non
1833 2831 2208 2913 dominus.

763 3216 990 3393 DE
1041 3296 1936 3385 CONTESTATIONE
1989 3297 2158 3380 LIT
2158 3299 2266 3380 IS.

890 3514 1239 3721 {grum
1294 3641 1652 3704 statutum
1708 3643 1820 3705 est
1872 3623 2074 3729 quod
2133 3624 2195 3703 si
2275 3622 2515 3728 aliqua
2595 3650 2911 3729 persona
2989 3625 3290 3730 pecierit
3370 3624 3642 3730 aliquid
3725 3624 3940 3707 alicui

766 3807 1081 3887 persone
1138 3807 1392 3863 coram
1446 3799 1812 3886 potestate
1868 3780 1990 3863 uel
2045 3782 2242 3862 curia
2297 3780 2770 3861 baennarum.
2831 3781 3033 3886 quod
3088 3800 3417 3887 potestas
3478 3802 3812 3863 teneatur
3867 3802 3942 3864 et

767 3938 1030 4019 debeat
1085 3940 1596 4044 constringere
1652 3938 2091 4020 debitorem.
2152 3939 2308 4019 siue
2363 3965 2597 4019 reum.
2655 3938 2747 4019 ad
2804 3939 3371 4022 contestandum
3455 3939 3686 4021 litem.
3742 3959 3943 4047 post-

765 4124 989 4203 quam
1041 4098 1305 4202 petitio
1361 4097 1499 4177 sibi
1555 4096 1722 4177 data
1804 4095 2018 4177 fuerit
2072 4098 2149 4176 in
2205 4097 2511 4201 scriptis.
2599 4096 2783 4177 infra
2839 4122 2939 4177 xv
2995 4096 3155 4177 dies
3232 4098 3623 4212 proximos
3677 4099 3936 4180 subse-

714 4329 719 4334 .
767 4260 1101 4360 quentes.
1157 4255 1253 4335 Et
1305 4253 1510 4359 quod
1565 4272 1897 4359 potestas
1949 4253 2184 4359 possit
2241 4253 2444 4333 dicto
2497 4280 2631 4334 reo
2686 4231 3069 4360 imponere
3142 4280 3369 4359 penas
3424 4274 3497 4335 et
3552 4256 3790 4336 banna
3844 4255 3937 4337 ad

769 4439 977 4493 suam
1032 4411 1522 4494 uoluntatem.

765 4742 1170 4954 QJoD
1199 4822 1439 4909 NON
1473 4824 1822 4909 DETUR
1855 4823 2258 4921 AIJQUA
2310 4791 2645 4906 coms
2671 4820 3013 4905 MEssls
3066 4821 3411 4903 Auem
3445 4821 3933 4905 PERsoNE.

891 5041 1250 5247 ἔξω
1305 5165 1662 5228 statutum
1719 5165 1830 5228 est
1884 5147 2087 5253 quod
2144 5146 2385 5251 aliqua
2438 5173 2755 5252 persona
2809 5174 2966 5229 non
3019 5148 3258 5253 possit
3293 5174 3431 5229 nec
3467 5147 3731 5228 debeat
3768 5147 3939 5228 dare

774 5303 1097 5411 aliquam
1153 5332 1424 5386 couem
1478 5305 1746 5386 messis
1799 5304 2015 5386 alicui
2069 5331 2384 5411 persone
2439 5304 2766 5386 mestrali
2802 5305 2938 5413 (1)
2974 5332 3111 5386 nec
3166 5304 3487 5386 officiali.
3540 5333 3677 5387 nec
3730 5305 3945 5387 alicui

773 5462 981 5544 alteri
1037 5462 1287 5569 aliquo
1342 5463 1580 5545 modo
1635 5464 1777 5544 nisi
1834 5483 2029 5545 esset
2083 5464 2352 5545 cechus
2384 5461 2507 5543 uel
2548 5462 2905 5544 sideratus
2959 5464 3036 5543 in
3089 5462 3265 5544 uilla
3317 5467 3770 5545 baennarum
3825 5465 3946 5546 uel

781 5640 1007 5704 extra.
1067 5640 1140 5703 et
1194 5648 1509 5727 persona
1564 5648 1706 5727 que
1763 5619 2270 5703 contrafecerit
2308 5619 2549 5702 soluat
2587 5648 2722 5727 pro
2758 5649 2947 5728 pena
3003 5640 3075 5702 et
3132 5621 3380 5704 banno
3433 5650 3570 5729 pro
3624 5623 3948 5729 qualibet

889 5861 975 5937 Ῑ7
