5117 6834
849 2625 942 2707 57

1189 652 1347 820 D
1361 732 1425 812 E
1476 720 2447 809 APPELLATIONIBUS.

1309 1009 1369 1143 ἑ
1527 1087 1683 1141 ΤΕΜ
1720 1079 2077 1141 statutum
2132 1079 2243 1141 est
2297 1060 2500 1165 quod
2555 1087 2771 1140 cause
2826 1057 3400 1164 appellationum
3464 1056 3814 1138 factarum
3877 1086 3919 1136 a
3984 1058 4379 1137 sentenciis

1210 1235 1366 1297 tam
1430 1216 1765 1297 ciuilibus
1820 1244 2040 1322 quam
2081 1216 2577 1297 criminalibus
2615 1244 2866 1297 coram
2904 1215 3219 1297 domino
3258 1216 3608 1320 episcopo
3662 1214 3798 1321 (1)
3852 1215 4221 1318 agitentur
4257 1213 4378 1293 uel

1212 1374 1369 1453 eius
1422 1373 1684 1453 iudice.
1769 1392 1843 1453 et
1924 1375 2078 1478 ipse
2135 1400 2348 1453 cause
2404 1373 2981 1478 appellationum
3036 1372 3398 1453 ordinarie
3455 1399 3582 1452 seu
3638 1371 3890 1452 ciuiles
3943 1398 4070 1476 per
4133 1372 4375 1475 ipsum

1212 1530 1607 1610 dominum
1664 1531 2092 1635 episcopum
2148 1532 2283 1639 (2)
2336 1531 2458 1611 uel
2514 1533 2672 1611 eius
2756 1531 3074 1611 iudicem
3157 1529 3606 1610 diffiniantur
3671 1548 3843 1635 post
3897 1501 4378 1635 quadraginta

1211 1686 1370 1766 dies
1423 1706 1818 1791 postquam
1870 1688 2263 1793 appellatio
2334 1686 2519 1769 facta
2599 1688 2835 1768 fuerit.
2895 1689 2956 1768 si
3036 1715 3078 1767 a
3158 1706 3358 1792 parte
3439 1686 3559 1769 uel
3639 1714 3681 1766 a
3761 1687 4084 1791 partibus
4163 1685 4378 1765 fuerit

1213 1845 1668 1948 requisitum.
1727 1864 1896 1925 ante
1951 1873 2133 1926 uero
2198 1873 2297 1926 XL
2335 1846 2521 1926 *dies
2584 1845 2888 1926 diffiniri
2942 1872 3098 1926 non
3152 1847 3442 1951 possint
3504 1846 3644 1925 nisi
3707 1845 3914 1925 fieret
3970 1871 4140 1923 cum
4206 1871 4379 1923 con·

1144 2015 1151 2021 ’
1213 2028 1432 2081 sensu
1485 2004 1825 2106 partium.
1883 2022 1956 2083 et
2010 2003 2210 2108 quod
2266 2003 2565 2084 diffiniri
2621 2031 2777 2084 non
2832 2004 3066 2107 possit
3104 2004 3244 2083 nisi
3282 2031 3408 2107 per
3478 2004 3833 2082 uicarium
3888 2002 4178 2083 domini
4234 2002 4377 2105 epi-

1100 2252 1103 2256 ,
1212 2159 1418 2262 scopi
1471 2157 1628 2265 (3)-

1175 2535 1589 2742 QJOD
1642 2608 2241 2692 ACCUSATIO
2278 2608 2516 2691 NoN
2549 2607 3219 2690 EXPRIMATUR
3254 2609 3365 2689 IN
3399 2607 3829 2690 LIBELLo
3894 2608 4028 2715 (4)
4083 2626 4177 2680 m—
4214 2626 4380 2680 m-

1632 2778 1821 2833 MINO
1858 2780 1959 2833 AD
1995 2779 2575 2835 RESPONDENDUM
2611 2781 2921 2837 LIBELLO.

1310 2982 1502 3185 ἒξ
1525 3100 1681 3155 ΤΕΜ
1737 3094 2090 3156 statutum
2147 3095 2257 3157 est
2310 3078 2513 3182 quod
2566 3077 2808 3184 aliqua
2852 3107 3165 3185 persona
3211 3108 3367 3161 non
3416 3100 3749 3162 teneatur
3799 3084 4205 3187 exprimere
4259 3082 4380 3163 uel

1204 3259 1481 3337 ponere
1538 3235 2085 3315 accusationem
2141 3235 2220 3314 in
2274 3234 2523 3342 aliquo
2610 3235 2865 3316 libello
2922 3265 3050 3317 seu
3116 3239 3578 3343 querimonia
3661 3241 3945 3345 scripta.
4002 3241 4095 3319 Et
4148 3266 4378 3320 nemo

1205 3407 1537 3469 teneatur
1594 3390 1764 3469 dare
1819 3418 1955 3471 nec
2010 3388 2242 3472 facere
2297 3392 2618 3498 aliquam
2667 3394 3210 3498 querimoniam
3257 3397 3599 3499 scriptam
3654 3425 3696 3476 a
3752 3397 4009 3478 solidis
4063 3425 4113 3478 x
4169 3397 4373 3478 infra.

1205 3547 1298 3627 Et
1334 3565 1663 3651 potestas
1699 3566 2031 3629 teneatur
2069 3568 2252 3661 etiam
2287 3550 2458 3630 dare
2496 3553 2897 3632 terminum
2935 3553 3428 3658 respondendi
3459 3552 3709 3636 libello
3747 3583 3875 3636 seu
3912 3560 4374 3661 querimonie

1207 3705 1472 3808 scripte
1527 3703 1620 3784 de
1680 3704 1938 3786 solidis
1993 3732 2099 3787 xx
2155 3727 2228 3787 et
2284 3734 2496 3812 supra
2531 3735 2663 3789 vm
2706 3709 3015 3790 dierum.
3059 3730 3132 3791 et
3171 3740 3212 3791 a
3252 3711 3508 3792 solidis
3544 3739 3649 3793 xx
3690 3712 3870 3794 infla
3924 3742 4026 3795 1111
4063 3715 4371 3795 dierum.

1210 3880 1282 3939 et
1337 3860 1428 3941 ad
1485 3861 1730 3942 dictos
1783 3864 2145 3944 terminos
2199 3863 2462 3944 debeat
2516 3866 2964 3970 respondere
3018 3869 3358 3973 petitioni
3412 3871 3569 3949 sine
3626 3869 3900 3951 libello.

1183 4248 1408 4416 DE
1459 4324 1755 4406 DATA
1818 4306 1952 4415 (5)
1992 4322 2571 4405 SOLUENDA.

1324 4616 1382 4706 24
1414 4622 1475 4711 Ξ
1519 4647 1676 4702 ΤΕΜ
1758 4641 2110 4704 statutum
2175 4627 2376 4732 quod
2460 4654 2615 4707 non
2694 4630 2930 4733 possit
3009 4630 3161 4711 dari
3230 4631 3423 4722 data⁶
3470 4634 3609 4714 nisi
3683 4635 4064 4717 denarium
4137 4667 4160 4719 1
4232 4668 4368 4743 pro

1204 4775 1450 4857 solido
1507 4805 1736 4884 usque
1793 4781 1868 4860 in
1926 4781 2211 4863 solidos
2265 4811 2391 4864 xn.
2452 4804 2524 4864 et
2604 4814 2644 4865 a
2735 4785 2992 4867 solidis
3045 4815 3150 4869 x11
3203 4818 3432 4895 usque
3486 4793 3562 4871 in
3628 4793 3912 4875 solidos
3973 4823 4078 4876 xx
4154 4797 4367 4876 dena-

1201 4935 1352 5015 rios
1414 4963 1541 5017 x11.
1610 4957 1683 5018 et
1749 4940 1810 5018 si
1887 4967 2099 5020 causa
2163 4941 2374 5022 fuerit
2457 4942 2550 5022 de
2634 4943 2896 5024 solidis
2959 4972 3065 5026 xx
3138 4947 3256 5027 uel
3331 4976 3542 5053 supra
3614 4950 3957 5033 denarios
4038 4981 4142 5034 xn
4229 4982 4365 5058 pro

1200 5092 1520 5197 qualibet
1577 5093 1755 5175 libra
1811 5115 1884 5176 et
1938 5124 2092 5177 non
2147 5098 2312 5203 plus
2374 5101 2887 5205 computando
2949 5130 2991 5182 a
3056 5103 3316 5185 solidis
3370 5133 3475 5187 xx
3559 5135 3768 5212 supra
3834 5109 3925 5189 de
3981 5109 4228 5190 media
4293 5131 4365 5190 et

1199 5269 1448 5352 quarta
1500 5272 1703 5357 parte
1759 5252 1938 5334 libre
1994 5256 2326 5359 quintam
2385 5277 2457 5337 et
2517 5277 2802 5338 sextam
2856 5280 3140 5365 partem
3187 5282 3543 5367 quantum
3604 5269 4021 5370 peruenerit
4057 5267 4150 5347 de
4189 5269 4365 5373 ipsis

1196 5405 1512 5488 denariis
1574 5437 1702 5490 ΧΗ.
1762 5430 1835 5491 et
1897 5432 2230 5494 teneatur
2312 5415 2601 5496 soluere
2685 5417 2934 5498 datam
3007 5418 3164 5518 ille,
3217 5422 3340 5524 qui
3424 5426 3882 5503 succubuerit
3965 5427 4041 5504 in
4122 5454 4359 5506 causa.

1196 5581 1269 5642 et
1321 5584 1714 5671 postquam
1770 5588 1975 5649 actor
2028 5573 2462 5676 aquitauerit
2545 5574 2795 5654 datam
2850 5603 3019 5657 reus
3114 5597 3447 5659 teneatur
3530 5582 3875 5685 aquitare.
3934 5582 4116 5664 infra
4171 5583 4363 5664 duos
