5117 6834
762 679 918 759 254

753 2305 899 2385 255

741 4858 891 4958 256

1131 567 1540 774 QUOD
1576 644 2113 727 POTESTAS
2151 642 2718 725 TENEATUR
2756 641 3145 722 FACERE
3174 641 3529 722 OMNIA
3566 640 4021 722 PARTITA
4059 639 4313 719 CON-

1446 801 2027 886 SCILIORUM.

1259 1019 1447 1220 Q
1471 1152 1628 1207 TEM
1685 1146 2045 1208 statutum
2085 1147 2196 1208 est
2233 1129 2437 1233 quod
2473 1145 2808 1233 potestas
2843 1126 2959 1208 uel
3004 1128 3163 1207 eius
3214 1126 3468 1207 locum
3533 1145 3797 1208 tenens
3850 1146 4186 1208 teneatur
4239 1127 4336 1208 fa-

1153 1312 1316 1366 cere
1372 1286 1630 1366 omnia
1681 1287 1944 1391 partita
1999 1285 2526 1365 consciliorum
2585 1312 2716 1365 seu
2770 1284 3487 1366 ordinamentorum.
3546 1313 3688 1390 que
3744 1283 3925 1365 fient
3977 1313 4107 1391 per
4162 1313 4336 1367 con-

1158 1443 1452 1524 scilium
1511 1443 1990 1524 baennarum.
2049 1445 2142 1524 ad
2197 1443 2481 1524 tabulas
2535 1443 2738 1524 albas
2793 1463 2867 1524 et
2921 1445 3195 1548 nigras,
3252 1463 3493 1549 preter
3528 1470 3751 1549 quam
3799 1444 3891 1523 de
3929 1443 4136 1524 factis
4171 1471 4335 1548 pro-

1151 1602 1329 1707 priis
1385 1603 1677 1682 domini
1734 1596 2260 1710 episcopi.⁴(1)
2296 1564 2656 1707 Alioquin
2687 1601 3203 1683 ordinamenta
3259 1602 3647 1725 ettpartita
3700 1600 3908 1681 aliter
3961 1600 4149 1682 facta
4186 1602 4335 1681 sint

1150 1757 1423 1839 nullius
1476 1757 1772 1839 ualoriS.

1129 2190 1536 2397 QJOD
1592 2272 1983 2351 SINDICI.
2043 2271 2642 2353 CLAUARIUS.
2701 2269 3329 2352 COLLECTOR
3382 2270 4079 2354 DENARIORUM
4135 2269 4310 2350 CO-

1448 2431 1771 2510 MUNIS
1827 2429 2467 2542 TENEANTUR
2524 2428 2915 2512 FACERE
2969 2428 3530 2510 RATIONEM
3576 2428 3846 2508 POST
3902 2428 4308 2508 TEMPUS

1445 2588 1600 2667 SUI
1657 2587 2202 2668 REGIMINIS.

1256 2803 1446 3005 Q
1464 2940 1621 2995 TEM
1669 2891 2024 2994 statutum
2084 2934 2195 2995 est
2260 2915 2462 3021 quod
2528 2914 2837 3020 quilibet
2892 2916 3270 2996 clauarius.
3314 2914 3661 2995 sindicus,
3702 2933 3776 2993 et
3812 2910 4119 2993 alicuius
4153 2913 4324 2993 talie

1146 3072 1525 3153 collector.
1586 3092 1659 3152 et
1714 3098 2176 3177 quecumque
2232 3071 2372 3151 alia
2424 3097 2741 3176 persona
2796 3097 2939 3175 que
2995 3071 3349 3175 receperit
3384 3070 3705 3175 aliquam
3759 3071 4149 3175 pecuniam
4207 3069 4326 3149 uel

1142 3230 1444 3335 aliquod
1500 3229 1694 3309 aliud
1754 3228 2035 3309 mobile
2089 3257 2226 3334 pro
2283 3230 2587 3308 cor-nuni
2645 3255 2774 3308 seu
2831 3229 3139 3307 nomine
3196 3229 3541 3308 comunis
3577 3227 4029 3308 baennarum
4085 3228 4325 3334 aliqua

1143 3391 1539 3469 occasione
1594 3406 1927 3467 teneatur
1984 3404 2058 3467 et
2112 3386 2377 3467 debeat
2431 3386 2615 3467 infra
2668 3411 2799 3469 vm
2855 3385 3016 3467 dies
3050 3403 3449 3494 postquam
3487 3385 3675 3466 ratio
3714 3390 3900 3466 lacta
3937 3389 4151 3468 luerit
4195 3413 4324 3493 per

1141 3549 1633 3629 rationatores
1688 3549 2033 3628 comunis
2086 3546 2389 3631 reddere
2448 3566 2521 3628 et
2578 3550 2959 3631 restituere
3016 3577 3099 3629 ac
3157 3547 3445 3629 soluere
3504 3567 3577 3631 et
3633 3547 3803 3629 dare
3886 3550 4130 3629 dictos
4202 3549 4322 3628 de-

1140 3708 1392 3787 narios
1448 3734 1575 3787 seu
1632 3707 1914 3788 mobile
1970 3733 2162 3812 quos
2216 3727 2290 3788 et
2345 3708 2547 3814 quod
2603 3708 2984 3788 restituere
3056 3707 3353 3788 debebit
3409 3709 3714 3789 comuni
3770 3734 4084 3813 persone
4150 3733 4324 3787 con-

1142 3865 1394 3944 stitute
1451 3863 1542 3944 ad
1598 3864 1923 3968 predicta
1976 3864 2393 3970 recipienda
2447 3891 2585 3970 pro
2641 3867 2947 3945 comuni
3005 3864 3140 3945 sub
3194 3893 3383 3970 pena
3440 3866 3854 3946 solidorum
3909 3894 4032 3945 xx.
4076 3886 4148 3946 et
4187 3866 4320 3945 sub

1137 4048 1328 4126 pena
1385 4022 1800 4102 solidorum
1858 4050 1906 4101 v
1961 4049 2099 4128 pro
2154 4023 2477 4128 qualibet
2562 4024 2682 4103 die
2764 4051 2906 4129 qua
2992 4024 3274 4103 steterit
3337 4023 3428 4104 ad
3487 4024 3934 4104 soluendum
3991 4044 4064 4104 et
4117 4024 4320 4104 resti-

1138 4180 1502 4261 tuendum
1558 4180 1881 4286 predicta
1936 4207 2250 4286 persone
2306 4181 2396 4262 ad
2454 4180 2601 4262 hoc
2657 4183 3057 4264 constitute
3094 4200 3266 4287 post
3304 4182 3707 4261 terminum
3743 4181 4155 4287 predictum
4192 4209 4320 4263 vm

1135 4338 1450 4418 dierum.
2554 4338 2560 4343 ’

1127 4764 1345 4928 DE
1403 4844 1850 4922 EMENDIS
1905 4842 2475 4922 SOLUENDIS
2533 4843 2719 4924 PER
2777 4843 3383 4924 CLAUARIUM
3441 4843 4113 4928 BAENNARUM.

1269 5170 1324 5226 ’ἰ
1356 5132 1425 5247 {ss
1456 5197 1614 5251 TEM
1673 5188 2032 5252 statutum
2090 5188 2202 5249 est
2257 5169 2460 5275 quod
2517 5169 2824 5275 quilibet
2881 5169 3239 5250 clauarius
3293 5170 3744 5254 baennarum
3795 5190 4128 5253 teneatur
4184 5175 4319 5254 sub

1134 5330 1568 5436 prestitione
1625 5328 2019 5409 iuramenti
2079 5327 2250 5407 dare
2308 5346 2381 5407 et
2438 5326 2729 5407 soluere
2769 5327 3202 5431 specialibus
3238 5330 3577 5433 personis
3615 5329 3969 5409 emendas
3995 5329 4088 5410 ad
4127 5331 4320 5437 ipsas

1132 5487 1586 5594 pertinentes
1637 5488 1680 5526 ’θ
1738 5486 1919 5567 infra
1974 5487 2269 5566 tertiam
2354 5486 2556 5566 diem
2613 5505 3010 5591 postquam
3071 5487 3264 5591 ipsas
3327 5488 3702 5591 receperit.
3762 5506 3834 5567 et
3891 5491 4312 5591 excusserit.
