5117 6834
805 1363 941 1440 131

799 3070 944 3148 132

795 4454 934 4532 133

1190 611 1328 689 pro
1366 584 1707 664 emenda.
1747 610 1970 688 passo
2008 582 2339 687 dampno
2377 610 2515 688 pro
2562 583 2888 688 qualibet
2942 586 3128 664 uice.
3181 586 3276 664 Et
3303 584 3834 665 nichilominus
3872 586 3931 665 si
3981 584 4390 690 dampnum

1192 741 1381 821 ultra
1434 742 1712 822 dictam
1767 742 2258 847 quantitatem
2315 743 2715 825 excesserit
2771 742 3123 823 emendet
3186 742 3620 848 dampnum.
3696 745 3789 823 Et
3858 742 4184 848 quelibet
4214 770 4393 849 per·

1192 923 1378 979 sona
1412 899 1671 1004 possit
1726 899 1900 979 inde
1938 926 2277 980 accusare
2336 918 2410 979 et
2465 898 2800 980 credatur
2856 900 2922 980 ei
2980 901 3423 980 iuramento.

1182 1259 1408 1425 DE
1462 1337 1831 1418 EODEM
1879 1335 2020 1417 ET
2074 1336 2209 1416 DE
2263 1334 2751 1417 SECANDO
2804 1335 2920 1417 IN
2971 1334 3366 1419 ALIENO
3422 1334 3806 1419 PRATO.

1301 1554 1670 1758 Qum
1726 1674 2083 1737 statutum
2142 1674 2254 1736 est
2308 1655 2510 1761 quod
2570 1655 2628 1735 si
2695 1654 2937 1759 aliqua
2990 1681 3308 1759 persona
3363 1654 3720 1734 secauerit
3758 1654 3835 1732 in
3872 1651 4120 1733 alieno
4173 1672 4387 1758 prato

1194 1813 1440 1894 soluat
1510 1841 1646 1918 pro
1718 1841 1907 1918 pena
1974 1842 2111 1919 pro
2184 1813 2509 1918 qualibet
2581 1832 2780 1894 seeta
2849 1811 2985 1920 (1)
3041 1811 3330 1894 solidos
3384 1838 3435 1892 v
3491 1812 3688 1891 curie
3746 1829 3820 1891 et
3873 1810 4195 1892 totidem
4249 1838 4386 1916 pro

1193 1970 1534 2051 emenda.
1592 2000 1729 2077 pro
1784 1971 2110 2077 qualibet
2167 1991 2389 2051 seeta.
2451 1990 2523 2050 et
2580 1969 3115 2051 nichilominus
3170 1969 3579 2074 dampnum
3616 1969 3999 2049 restituere
4028 1987 4383 2049 teneatur.

1193 2148 1267 2210 et
1321 2128 1629 2234 quilibet
1682 2132 1921 2235 possit
1978 2131 2150 2211 inde
2207 2157 2545 2210 accusare
2586 2149 2659 2209 et
2697 2128 3034 2209 credatur
3068 2128 3519 2213 accusationi
3560 2154 3690 2207 sue
3745 2127 4188 2208 iurament0.
4243 2127 4385 2207 nisi

1189 2287 1335 2369 hoc
1389 2288 1599 2368 fieret
1655 2289 1731 2368 in
1787 2287 1976 2368 falla.
2012 2315 2139 2368 seu
2194 2315 2323 2392 per
2378 2288 2883 2392 ignorantiam
2921 2288 3015 2367 de
3054 2313 3207 2391 quo
3244 2286 3580 2366 credatur
3636 2286 3703 2364 ei
3761 2285 4180 2364 iuramento
4219 2310 4380 2367 suo,

1192 2447 1254 2526 si
1308 2446 1455 2526 hoc
1512 2447 1744 2526 iurare
1801 2427 2124 2527 noluerit
2182 2445 2304 2526 ille
2360 2447 2486 2550 qui
2542 2445 2748 2525 illam
2804 2444 3053 2525 fallam
3109 2444 3402 2524 fecisset
3458 2461 3532 2522 et
3603 2442 4012 2547 dampnum
4069 2442 4385 2545 integra-

1191 2602 1356 2684 liter
1409 2605 1790 2685 restituere
1847 2623 2182 2684 teneatur
2238 2603 2344 2683 illi
2399 2604 2608 2685 cuius
2662 2622 2952 2708 pratum
3010 2603 3168 2681 erit.

1185 2958 1411 3123 DE
1468 3037 2138 3121 CAPIENTIBUS
2194 3037 2553 3118 FENUM
2604 3036 3074 3119 ALIENUM
3129 3036 3316 3117 SEU
3370 3035 3824 3119 HERBAM.

1311 3254 1664 3457 Qun
1720 3380 2079 3441 statutum
2119 3381 2230 3442 est
2267 3361 2470 3465 quod
2530 3362 2590 3441 si
2645 3360 2886 3466 aliqua
2923 3387 3238 3466 persona
3275 3361 3548 3465 ceperit
3585 3360 3677 3440 de
3717 3359 3962 3439 alieno
4003 3357 4180 3439 feno
4226 3361 4381 3475 siue

1188 3517 1282 3597 de
1338 3517 1562 3598 herba
1615 3516 1853 3597 aliena
1911 3520 1986 3597 in
2044 3519 2221 3598 setis
2280 3518 2523 3599 soluat
2576 3547 2715 3623 pro
2771 3546 2960 3623 pena
3014 3519 3107 3598 de
3167 3520 3457 3598 brazata
3510 3517 3648 3624 (2)
3706 3516 3996 3598 solidos
4048 3545 4128 3599 111
4184 3519 4382 3601 curie

1191 3694 1264 3755 et
1320 3674 1641 3756 totidem
1697 3704 1834 3781 pro
1892 3675 2232 3756 emenda.
2276 3695 2350 3756 et
2386 3675 2695 3781 quilibet
2730 3676 2969 3781 possit
3005 3703 3342 3756 accusare
3398 3674 4072 3755 contrafacientem.
4115 3695 4189 3757 et
4233 3703 4383 3757 cre-

1186 3834 1400 3914 datur
1470 3834 1924 3914 accusationi
1981 3862 2110 3915 sue
2168 3834 2610 3915 iuramento,
2671 3853 2745 3914 et
2799 3833 3332 3914 nichilominus
3387 3835 3446 3914 si
3504 3834 3912 3937 dampnum
3988 3835 4381 3915 excesserit

1186 3991 1374 4071 ultra
1427 3991 1632 4071 illam
1689 3993 2176 4096 quantitatem
2231 3992 2615 4072 restituere
2670 4011 3006 4073 teneatur
3059 3991 3164 4072 illi
3222 3995 3430 4074 cuius
3485 3993 3894 4097 dampnum
3948 3988 4187 4079 fuerit.

1186 4344 1341 4517 D
1348 4425 1410 4505 E
1466 4422 2139 4507 CAPIENTIBUS
2191 4422 2664 4505 ALIENUM
2717 4423 3076 4509 FENUM
3129 4425 3241 4507 IN
3292 4423 3610 4509 MUGIS
3676 4436 3810 4543 (3)

1311 4639 1662 4842 Quam
1702 4763 2058 4825 statutum
2124 4765 2237 4826 est
2282 4748 2485 4851 quod
2543 4748 2604 4827 si
2659 4747 2923 4854 aliquis
2978 4751 3250 4854 ceperit
3305 4752 3398 4831 de
3454 4751 3702 4831 alieno
3758 4751 3934 4833 feno
3989 4754 4068 4833 in
4122 4756 4377 4859 mugis

1183 4902 1259 4981 in
1312 4920 1551 5006 prato.
1624 4901 1866 4984 soluat
1933 4930 2070 5008 pro
2142 4932 2335 5009 pena
2403 4905 2495 4985 de
2570 4905 2863 4987 brazata
2938 4907 3226 4988 solidos
3297 4936 3374 4990 111
3447 4910 3666 4989 curie.
3728 4928 3802 4989 et
3865 4909 4184 4990 totidem
4239 4938 4376 5019 pro

1186 5059 1527 5140 emenda.
1588 5079 1662 5140 et
1717 5060 1810 5141 de
1868 5059 2032 5142 faxe
2089 5081 2164 5143 et
2218 5090 2259 5142 a
2315 5061 2477 5143 faxe
2536 5091 2749 5169 supra
2804 5092 3038 5170 usque
3093 5067 3169 5145 in
3224 5086 3580 5147 carretam
3621 5067 3909 5148 solidos
3960 5097 4006 5147 x
4067 5070 4263 5148 curie
4300 5088 4376 5148 et

1087 5263 1098 5275 ·
1181 5218 1503 5298 totidem
1556 5245 1694 5323 pro
1752 5220 2090 5300 emenda.
2150 5240 2223 5301 et
2278 5222 2371 5301 de
2429 5241 2702 5302 carreta
2759 5223 3047 5306 solidos
3099 5252 3273 5302 xxx.
3335 5244 3407 5304 et
3463 5224 3783 5305 totidem
3839 5252 3976 5331 pro
4033 5227 4372 5307 emenda.

1180 5375 1275 5454 Et
1327 5374 1861 5457 nichilominus
1916 5379 2325 5483 dampnum
2380 5380 2837 5485 integraliter
2889 5383 3272 5463 restituere
3326 5402 3661 5463 teneatur
3715 5382 3822 5462 illi
3877 5385 4084 5464 cuius
4119 5384 4374 5464 fenum

1181 5531 1397 5613 fuerit
1453 5533 1528 5613 in
1587 5533 1791 5615 illam
1846 5539 2336 5642 quantitatem
2391 5567 2618 5643 quam
2673 5540 2905 5621 iurare
2962 5539 3282 5621 uoluerit
3337 5540 3540 5646 quod
3579 5541 3878 5622 ualeret.
3918 5544 4012 5623 Et
4048 5541 4375 5649 quelibet
