5117 6834
488 654 630 756 382

491 2006 630 2109 383

494 3360 642 3460 384

2339 246 2586 347 XCI

876 606 1177 775 QUOD
1217 684 1410 738 NIHIL
1448 684 1691 738 DETUR
1729 683 2141 738 OBLIGETUR
2179 683 2273 737 DE
2310 684 2521 738 BONIS
2557 684 2880 739 COMUNIS
2917 685 3392 747 BAENNARUM..

1009 868 1329 1069 Qum
1378 1004 1677 1051 statutum
1729 1006 1822 1052 est
1872 984 2043 1074 quod
2092 1008 2220 1051 non
2269 988 2471 1073 possit
2517 989 2670 1073 poni
2717 989 2780 1052 in
2830 986 3138 1053 conscilio
3173 1010 3289 1053 nec
3323 986 3599 1054 ordinari
3647 989 3819 1076 quod
3850 989 4057 1077 aliqua

876 1125 1083 1214 baylia
1132 1127 1314 1192 detur
1361 1125 1669 1213 aliquibus
1717 1124 2121 1213 sapientibus,
2182 1124 2352 1213 quod
2402 1125 2559 1192 nihil
2629 1125 2811 1192 detur
2863 1120 3193 1215 ‘obligetur
3237 1127 3314 1193 de
3364 1126 3549 1195 bonis
3598 1131 3892 1197 comunis
3940 1152 4054 1217 nec

874 1268 1150 1334 ordinari
1200 1269 1263 1333 in
1312 1267 1621 1334 conscilio
1669 1289 1834 1333 nunc
1885 1266 2195 1333 ordinato.
2248 1268 2369 1333 nisi
2432 1267 2555 1333 hoc
2611 1267 2788 1334 fieret
2846 1269 2914 1334 in
2984 1268 3290 1335 conscilio
3345 1268 3423 1335 de
3471 1272 3672 1357 capite
3719 1269 3949 1337 domus
3996 1290 4059 1336 et

874 1408 1042 1496 quod
1097 1409 1473 1476 conscilium
1523 1408 1599 1475 de
1648 1410 1851 1495 capite
1899 1410 2130 1474 domus
2179 1427 2456 1495 potestas
2504 1428 2792 1475 teneatur
2841 1409 3042 1475 facere
3102 1409 3236 1477 fieri
3284 1430 3346 1476 et
3393 1414 3766 1499 congregari
3812 1414 4058 1478 tociens

874 1552 1180 1636 quociens
1231 1548 1419 1615 fiaerit
1467 1550 1799 1636 requisitus
1848 1571 1959 1636 per
2006 1572 2113 1614 sex
2164 1549 2461 1615 homines
2510 1549 2587 1615 de
2636 1553 2955 1616 societate.

878 1962 1179 2131 QUOD
1218 2040 1581 2098 POTESTAS
1625 2040 1779 2094 NON
1821 2041 2062 2096 POSSIT
2100 2042 2384 2096 DUCERE
2424 2042 2752 2105 ALIQUEM
2795 2042 3147 2097 FAMULUM
3189 2043 3318 2107 QUI
3355 2043 3465 2097 SIT
3505 2044 3880 2098 BANNITUS.

1010 2225 1677 2425 fflrssm'statutum
1728 2361 1819 2408 est
1868 2342 2037 2431 quod
2084 2362 2363 2430 potestas
2411 2343 2519 2428 qui
2567 2340 2865 2429 deinceps
2912 2345 3156 2409 uenerit
3205 2346 3268 2409 in
3300 2345 3638 2431 potestaria
3672 2341 4054 2409 baennarum

877 2503 1162 2551 teneatur
1194 2483 1308 2549 sub
1344 2483 1598 2549 uinculo
1646 2484 1985 2549 iuramenti
2019 2501 2080 2548 et
2112 2505 2242 2548 non
2292 2484 2494 2570 possit
2538 2480 2767 2548 ducere
2799 2481 3071 2570 aliquem
3124 2481 3429 2548 famulum
3461 2484 3570 2571 qui
3603 2484 3684 2550 sit
3718 2483 4057 2549 forensitus

880 2624 981 2690 uel
1027 2624 1275 2690 banit'us
1320 2644 1484 2690 terre
1532 2623 1611 2691 de
1657 2647 1778 2711 qua
1826 2622 2010 2689 fuerit
2059 2642 2121 2689 et
2166 2623 2288 2689 hoc
2339 2646 2473 2690 non
2519 2624 2721 2711 possit
2771 2625 3087 2689 remoueri
3143 2622 3452 2690 conscilio
3522 2624 3623 2690 uel
3687 2623 3827 2691 alio·
3861 2626 4059 2692 modo

879 2786 940 2834 et
987 2769 1039 2832 si
1088 2766 1362 2854 aliquam
1413 2788 1749 2853 personam
1798 2764 2001 2831 dictus
2048 2764 2188 2831 talis
2237 2764 2507 2830 famulus
2555 2784 2873 2830 accusaret
2921 2764 3126 2851 aliqua
3175 2766 3510 2831 occasione
3543 2766 3708 2832 dicta
3742 2764 3882 2832 talis
3926 2790 4061 2854 per-

879 2930 1034 2973 sona
1082 2925 1368 2973 accusata
1415 2928 1544 2973 non
1591 2924 1879 2972 teneatur
1924 2905 2172 2971 soluere
2222 2903 2479 2992 aliquod
2528 2903 2807 2971 bannum
2856 2927 2968 2970 seu
3016 2904 3373 2972 emendam.

882 3302 1109 3466 (DE
1156 3392 1357 3446 1³13le
1403 3392 1494 3445 ET
1542 3392 1801 3446 BANle
1846 3392 2241 3446 sotussums
2296 3394 2346 3446 A
2395 3392 2731 3446 PERsoNJs
2780 3391 3044 3446 Duc‘ns
3091 3393 3161 3445 lN
3213 3393 3553 3447 casTRnM
3604 3392 3800 3447 mssu
3847 3392 4062 3446 POTE-

1198 3524 1450 3578 sTATts
1488 3523 1638 3588 Quss
1678 3524 1848 3578 mon
1888 3476 2288 3641 EXIRENT).
2324 3528 2410 3591 (ι)

1015 3705 1335 3908 &ga-EM
1383 3841 1685 3890 statutum
1733 3843 1825 3889 est
1873 3822 2046 3910 quod
2094 3825 2146 3889 si
2193 3841 2472 3911 potestas
2521 3823 2622 3888 uel
2688 3825 2821 3888 eius
2892 3822 3106 3889 locum
3174 3840 3398 3888 tenens
3468 3821 3716 3889 duxerit
3764 3823 3863 3888 uel
3910 3823 4055 3890 duci

882 3964 1095 4031 fecerit
1142 3963 1415 4052 aliquam
1465 3986 1801 4051 personam
1850 3962 1929 4028 de
1977 3962 2239 4029 baennis
2287 3965 2350 4029 in
2397 3981 2604 4029 castro
2653 3961 3038 4028 baennarum
3106 3964 3452 4028 occaxione
3513 3962 3868 4049 aliquorum
3918 3962 4062 4029 ban-

880 4127 1111 4172 norum
1161 4105 1262 4171 uel
1311 4106 1659 4171 occaxione
1704 4104 1966 4169 alicuius
2010 4105 2099 4170 rei
2130 4103 2301 4191 quod
2347 4102 2497 4169 dare
2545 4120 2862 4169 teneretur
2907 4102 3092 4169 alicui
3139 4102 3316 4169 alteri
3364 4124 3633 4191 persone
3679 4102 3849 4190 quod
3896 4103 4059 4170 dicta

883 4268 1153 4335 persona
1202 4265 1535 4335 postquam
1586 4245 1774 4311 fuerit
1822 4247 1887 4311 in
1936 4263 2211 4311 castrum
2259 4243 2614 4331 predictum
2685 4246 2737 4309 si
2807 4245 3006 4310 exiret
3075 4242 3317 4312 dictum
3365 4262 3640 4310 castrum
3690 4266 3800 4332 per
3846 4263 4061 4332 portas

881 4386 983 4454 uel
1031 4410 1143 4476 per
1189 4387 1382 4454 alium
1430 4386 1643 4453 locum
1707 4386 1919 4453 solum
1978 4385 2149 4475 quod
2218 4408 2346 4452 non
2415 4386 2657 4474 frangat
2720 4384 2973 4474 aliquod
3040 4408 3294 4451 murum
3365 4383 3570 4452 soluat
3624 4408 3742 4473 pro
3794 4408 3950 4474 pena
3999 4404 4060 4452 et

882 4527 1094 4596 banno
1141 4529 1267 4617 pro'
1306 4527 1586 4616 quolibet
1635 4545 1696 4594 et
1742 4525 2018 4616 qualibet
2084 4528 2223 4593 uice
2284 4523 2527 4592 solidos
2598 4550 2679 4592 xx
2748 4545 3028 4592 astenses
3083 4544 3144 4592 et
3192 4527 3244 4591 si
3293 4525 3607 4615 frangeret
3655 4548 3909 4592 murum
3958 4526 4057 4593 uel

882 4690 1129 4759 portam
1177 4669 1448 4737 exiendo
1492 4669 1570 4736 de
1615 4668 1789 4735 dicto
1836 4687 2043 4734 castro
2090 4666 2293 4734 soluat
2344 4690 2457 4756 pro
2506 4666 2715 4734 banno
2763 4666 2950 4734 libras
2997 4666 3219 4734 decem
3267 4686 3564 4733 astenseS.
