5117 6834
5 3557 6 3662 ᾼᾼᾼᾼ

1137 619 1274 672 nec
1330 591 1407 671 in
1462 587 1713 695 aliquo
1770 587 1945 667 loco
2001 614 2043 666 a
2098 584 2570 670 mundalauia
2628 583 2960 690 superius
3016 583 3150 665 sub
3205 611 3395 689 pena
3436 582 3856 664 solidorum
3894 611 3943 661 v
3981 609 4119 688 pro
4156 610 4326 687 qua-

1137 749 1317 830 libet
1346 773 1659 854 persona
1697 745 2006 849 quocies
2043 741 2577 824 contrafecerit.
2609 743 2703 822 Et
2732 741 2935 848 quod
2973 727 3215 846 aliqua
3251 768 3569 847 persona
3623 768 3781 821 non
3837 714 4101 821 debeat
4139 738 4342 820 delo·

1142 935 1309 988 care
1367 932 1498 987 seu
1554 902 1810 984 locum
1846 902 2127 982 auferre
2166 902 2242 982 in
2281 901 2695 984 naxatoriis
2750 900 3072 1005 aliquam
3129 898 3351 979 aliam
3385 925 3785 1005 personam
3822 900 3960 979 sub
3998 925 4188 1003 pena
4226 926 4343 979 so-

1137 1064 1268 1145 lidi
1332 1091 1357 1145 1
1412 1063 1721 1168 quocies
1775 1059 2312 1141 contrafecerit.
2369 1060 2464 1139 Et
2518 1056 2845 1164 quelibet
2882 1081 3198 1163 persona
3234 1057 3472 1162 possit
3527 1056 3702 1136 inde
3758 1083 4098 1136 accusare
4161 1075 4232 1137 et
4272 1058 4338 1136 ei

1139 1221 1475 1304 credatur
1531 1222 1952 1300 iuramento
2010 1237 2082 1297 et
2137 1236 2469 1323 potestas
2523 1217 2761 1322 possit
2817 1216 2991 1296 inde
3047 1216 3436 1321 inquirere.

751 1667 893 1747 197
1121 1580 1534 1791 QJoD
1589 1663 1830 1746 Nou
1885 1661 2485 1745 CAPIANTUR
2540 1659 2865 1746 LIGNA
2920 1659 3036 1743 IN
3088 1660 3487 1743 ALffiNJs
3549 1605 3939 1766 eRATJS.

1249 1857 1618 2060 Qum
1674 1972 2030 2034 statutum
2091 1972 2203 2034 est
2257 1952 2461 2057 quod
2515 1952 2761 2059 aliqua
2816 1981 3130 2059 persona
3186 1981 3344 2034 non
3397 1955 3636 2059 possit
3690 1980 3828 2034 nec
3884 1953 4148 2034 debeat
4213 1955 4343 2035 bo-

1141 2140 1342 2194 scare
1400 2139 1536 2191 nec
1595 2110 1917 2191 incidere
1973 2110 2094 2190 uel
2151 2136 2407 2215 capere
2462 2109 2764 2215 aliquod
2822 2110 3115 2215 lignum
3154 2110 3388 2190 uiride
3444 2110 3564 2190 uel
3621 2111 3901 2191 siccum
3958 2112 4030 2192 in
4088 2110 4340 2218 aliquo

1139 2289 1351 2377 prato
1407 2268 1676 2350 alicubi
1731 2267 1851 2349 uel
1909 2267 2414 2349 iurisdictione
2470 2268 2923 2349 baennarum
2981 2269 3116 2349 sub
3172 2296 3362 2374 pena
3401 2268 3820 2349 solidorum
3874 2297 3924 2346 v
3978 2297 4115 2375 pro
4172 2297 4344 2375 qua-

1139 2427 1320 2509 libet
1373 2455 1690 2534 persona
1748 2427 2054 2531 quocies
2109 2425 2643 2507 contrafecerit.
2720 2426 2813 2507 Et
2887 2425 3420 2507 nichilominus
3496 2425 3846 2507 emendet
3903 2426 4339 2532 dampnum.

1137 2587 1232 2668 Et
1288 2585 1613 2689 quelibet
1668 2612 1981 2690 persona
2037 2585 2274 2689 possit
2330 2583 2503 2664 inde
2545 2573 2922 2665 accusare.
2965 2603 3039 2664 et
3077 2585 3144 2664 ei
3185 2585 3602 2684 iuramento
3658 2584 4016 2665 credatur.
4060 2586 4120 2665 si
4158 2612 4341 2666 uero

1136 2745 1236 2826 ibi
1295 2724 1716 2825 boscauerit
1771 2743 2094 2849 aliquam
2150 2743 2494 2823 arborem
2551 2742 3049 2824 domesticam
3087 2742 3208 2823 uel
3248 2742 3714 2823 saluasticam
3770 2741 4164 2824 alleuatam
4221 2742 4341 2824 uel

1139 2900 1594 2982 custoditam
1661 2899 1755 2980 ad
1827 2898 2302 2980 alleuandum
2377 2900 2718 3006 puniatur
2793 2927 2887 2980 ex
2962 2899 3202 2980 forma
3269 2899 3568 2981 alterius
3642 2899 3939 3006 capituli
4005 2901 4179 2981 inde
4235 2900 4343 2981 lo-

1140 3059 1484 3165 quentis:

752 3483 899 3583 193
1122 3422 1352 3588 DE
1410 3500 1995 3584 EXTRANEIS
2050 3499 2639 3581 EMENTIBUS
2695 3498 2892 3581 UEL
2947 3498 3678 3582 UENDENTIBUS
3714 3500 3828 3581 IN
3880 3499 4325 3582 BAENNIS

1440 3660 1666 3742 SIUE
1721 3659 2034 3740 POSSE
2088 3657 2578 3755 ALIQUAM
2613 3657 2829 3742 REM
2867 3658 3086 3756 QUE
3129 3658 3705 3742 UENDATUR
3758 3658 3904 3740 AD
3961 3658 4321 3740 PESAM.

1249 3851 1616 4055 ffl’rfflr
1671 3968 2027 4029 statutum
2111 3968 2223 4030 est
2306 3949 2511 4055 quod
2596 3948 2922 4055 quelibet
3003 3933 3319 4056 persona
3394 3970 3743 4031 extranea
3799 3979 3943 4056 que
4001 3972 4203 4033 emet
4258 3955 4337 4033 in

1140 4109 1449 4188 baennis
1503 4107 1624 4188 uel
1680 4106 1978 4188 uendet.
2037 4109 2195 4187 siue
2230 4134 2454 4213 posse
2491 4083 2972 4203 baennarum.
3027 4107 3352 4213 aliquam
3390 4135 3552 4188 rem
3591 4136 3734 4214 que
3773 4110 3869 4190 sit
3906 4109 4126 4191 solita
4162 4140 4345 4217 pon-

1143 4266 1377 4346 derari
1416 4265 1551 4374 (2)
1609 4293 1738 4346 seu
1795 4265 2019 4346 uendi
2075 4266 2168 4346 ad
2223 4233 2503 4371 pesam.
2547 4263 2790 4346 soluat
2828 4285 2902 4346 et
2942 4264 3232 4346 soluere
3271 4265 3537 4347 debeat
3590 4294 3728 4372 pro
3783 4267 4119 4372 quolibet
4154 4269 4342 4350 rubo

1142 4422 1460 4505 obolum
1516 4424 1651 4531 (3)
1707 4451 1966 4503 unum.
2026 4443 2100 4504 et
2155 4451 2197 4503 a
2252 4423 2440 4503 rubo
2497 4421 2682 4503 infra
2720 4423 2814 4502 de
2853 4422 3056 4503 libris
3110 4452 3159 4503 x
3215 4423 3336 4504 uel
3393 4452 3609 4530 supra
3646 4424 3968 4506 totidem
4024 4453 4343 4532 persone

1142 4582 1238 4663 ad
1310 4582 1457 4662 hoc
1531 4582 1932 4662 constitute
1997 4609 2131 4687 pro
2206 4582 2511 4662 comuni
2587 4579 3064 4662 baennarum.
3132 4601 3206 4662 et
3269 4610 3312 4661 a
3375 4583 3589 4663 rubo.
3638 4609 3859 4688 supra
3932 4582 4233 4665 delibris
4295 4614 4343 4665 x

1142 4738 1262 4819 uel
1323 4767 1536 4844 supra
1592 4766 1825 4845 usque
1881 4738 1973 4819 ad
2030 4738 2261 4820 alium
2314 4742 2582 4820 rubum
2658 4737 3005 4819 totidem.
3066 4735 3223 4819 siue
3277 4739 3605 4845 predicta
3676 4767 3796 4821 res
3865 4740 4342 4847 ponderetur.

1147 4899 1304 4981 siue
1361 4926 1542 4979 non.
1603 4899 1701 4978 ita
1756 4917 2011 4978 tamen
2066 4897 2270 5003 quod
2328 4899 2388 4978 si
2443 4924 2762 5004 persona
2840 4924 3101 4977 emens
3156 4896 3277 4978 uel
3332 4898 3668 4980 uendens
3722 4925 3883 4980 rem
3936 4898 4345 5004 predictam

1146 5055 1362 5137 fuerit
1419 5055 1759 5137 similiter
1815 5073 2185 5136 extranea.
2247 5054 2538 5135 soluere
2596 5053 2863 5136 debeat
2918 5054 3401 5137 medietatem
3485 5057 3915 5161 quantitatis
3992 5058 4343 5163 predicte.

1148 5216 1210 5297 si
1266 5242 1448 5295 uero
1503 5241 1820 5321 persona
1875 5213 1968 5294 de
2025 5212 2333 5294 baennis
2385 5212 2665 5293 uendet
2717 5239 3037 5319 persone
3094 5232 3439 5293 extranee
3495 5213 3617 5294 uel
3674 5234 3875 5295 emet
3930 5243 3973 5297 a
4027 5243 4345 5321 persona

1151 5391 1497 5453 extranea
1551 5371 1873 5478 aliquam
1910 5399 2070 5452 rem
2126 5400 2269 5478 que
2324 5371 2776 5478 ponderetur
2831 5369 2951 5451 uel
3009 5371 3229 5452 solita
3285 5372 3379 5452 sit
3434 5371 3657 5452 uendi
3713 5372 3806 5453 ad
3861 5399 4142 5479 pesam.
4190 5401 4349 5480 per-

1154 5555 1338 5610 sona
1396 5550 1740 5610 extranea
1795 5548 2044 5610 totum
2101 5529 2394 5611 soluere
2435 5529 2717 5642 ‚debeat
2773 5549 2855 5610 ut
2910 5528 3326 5635 predictum
3384 5548 3520 5610 est.
3577 5530 3671 5610 Et
3710 5531 3771 5610 si
3809 5558 3992 5612 uero
4028 5558 4346 5638 persona
