5117 6834
2279 348 2374 447 ΙΙ

738 640 893 719 siue
950 639 1025 719 in
1061 637 1254 718 ‘uilla
1307 637 1761 717 baennarum
1818 637 2116 717 iacuerit
2172 638 2327 717 siue
2382 635 2597 717 fuerit
2652 655 2821 742 post
2879 637 3115 742 ipsam
3170 636 3600 717 citationem
3640 636 3763 718 illa
3799 638 3919 718 die

736 797 856 877 uel
912 816 1133 877 nocte
1191 797 1346 876 siue
1403 797 1585 875 hora
1640 796 2012 875 citationis
2067 794 2252 875 facte
2306 795 2631 901 predicte
2688 794 2951 875 domui
3005 794 3096 875 ad
3154 796 3578 876 instantiam
3616 795 3920 878 alicuius

734 980 1074 1060 persone.
1135 973 1208 1033 et
1263 980 1418 1033 non
1475 954 1966 1057 comparuerit
2020 980 2062 1032 a
2118 979 2336 1033 mane
2391 979 2624 1057 usque
2689 951 2780 1032 ad
2846 953 3148 1039 terciam
3207 972 3278 1033 et
3333 981 3373 1041 a
3430 980 3630 1033 nona
3686 980 3917 1060 usque

735 1111 826 1192 ad
884 1137 1248 1216 uesperas.
1309 1130 1382 1191 et
1435 1137 1749 1215 persona
1806 1136 1949 1214 que
2006 1110 2255 1190 fecerit
2313 1137 2478 1190 eam
2517 1111 2720 1190 citari
2761 1130 2833 1190 et
2870 1111 3134 1215 requiri
3185 1112 3676 1216 comparuerit
3734 1109 3915 1191 infra

737 1269 939 1349 illam
995 1269 1282 1349 horam.
1334 1268 1574 1348 soluat
1630 1295 1764 1373 pro
1819 1295 2006 1372 pena
2063 1269 2469 1348 secundum
2528 1269 2730 1372 quod
2778 1269 2855 1348 in
2904 1268 3321 1374 precedenti
3378 1268 3699 1374 capitulo
3753 1296 3918 1374 pro-

735 1429 945 1507 ximo
1002 1427 1443 1507 continetur.

729 1831 1133 2037 QUOD
1218 1912 1754 1994 POTESTAS
1836 1912 2233 1993 AUDIAT
2313 1912 2449 1992 ET
2506 1908 3022 1992 DIFFINIAT
3078 1911 3302 1993 CUM
3358 1911 3912 1994 CONSCILIO

1043 2070 1565 2152 SAPIENTIS
1621 2063 1756 2170 (Ι)
1815 2071 2178 2153 ΒΑΝΝΑ
2235 2069 2613 2151 CIUILIA
2668 2070 2803 2149 ET
2867 2068 3469 2152 CRIMINALIA
3507 2101 3521 2149 :

870 2417 931 2537 Ξ
963 2387 1029 2542 ἐξ
1060 2466 1218 2523 ΤΕΜ
1258 2461 1613 2522 statutum
1654 2462 1766 2522 est
1819 2442 2021 2547 quod
2059 2461 2389 2548 potestas
2442 2463 2776 2523 teneatur
2815 2445 3068 2523 omnia
3124 2442 3362 2523 banna
3400 2443 3802 2524 criminalia
3841 2463 3913 2523 et

731 2599 972 2680 ciuilia
1027 2620 1267 2705 preter
1321 2602 1560 2681 banna
1617 2602 2183 2705 campariorium
2219 2600 2469 2681 audire
2509 2628 2967 2705 cognoscere
3024 2620 3097 2682 et
3153 2600 3469 2682 diffinire
3521 2629 3692 2682 cum
3741 2629 3913 2683 con-

732 2757 942 2839 scilio
1012 2760 1360 2864 sapientis
1416 2761 1756 2864 expensis
1828 2759 2126 2840 illorum
2199 2761 2324 2864 qui
2397 2759 2668 2840 habent
2753 2780 3034 2865 partem
3090 2761 3166 2840 in
3223 2759 3507 2840 bannis.
3584 2760 3912 2865 alioquin

728 2935 1058 3045 potestas
1112 2944 1268 2997 non
1324 2920 1560 3023 possit
1615 2919 1821 2999 aliter
1876 2917 2176 3023 aliquod
2233 2917 2560 2998 bannum
2617 2937 2863 3023 petere
2918 2945 3054 2998 nec
3111 2918 3400 2999 habere.
3478 2938 3551 2999 et
3601 2919 3747 2999 hoc
3802 2946 3914 2999 ca-

729 3073 1044 3179 pitulum
1102 3075 1354 3155 locum
1412 3103 1567 3156 non
1623 3075 1886 3156 habeat
1941 3077 2017 3155 in
2074 3074 2706 3180 appellationibus.
2757 3076 2882 3180 qui
2921 3074 3142 3155 iudex
3190 3076 3345 3156 siue
3392 3076 3680 3180 sapiens
3736 3076 3911 3181 eligi

728 3232 991 3313 debeat
1045 3261 1174 3339 per
1227 3253 1675 3339 potestatem
1734 3253 1805 3314 et
1863 3233 2190 3314 sindicos
2245 3235 2620 3314 comunis:

725 3641 946 3806 DE
1006 3722 1457 3804 PIGNORE
1521 3722 2112 3804 REDDENDO.

858 4025 1025 4172 ,ΕΙ

863 4139 927 4192 εει
958 4140 1003 4178 >rr

725 4253 1256 4333 acomodatum
1313 4254 1468 4333 siue
1524 4254 1601 4333 in
1657 4252 1992 4333 custodia
2047 4251 2303 4333 datum
2359 4252 2574 4332 alicui
2630 4250 2812 4332 infra
2867 4272 3015 4333 tres
3069 4252 3229 4333 dies
3282 4272 3680 4358 postquam
3736 4281 3908 4358 que-

1050 4121 1206 4176 TEM
1236 4115 1592 4177 statutum
1623 4115 1733 4176 est
1762 4095 1964 4200 quod
1992 4114 2321 4201 potestas
2356 4115 2689 4176 teneatur
2718 4094 2950 4175 facere
2978 4094 3185 4175 reddi
3215 4114 3287 4175 et
3325 4096 3604 4176 restitui
3635 4097 3908 4201 pignus

722 4411 1041 4491 rimonia
1097 4410 1269 4492 inde
1325 4410 1539 4492 fuerit
1597 4411 1730 4491 sub
1786 4438 1974 4516 pena
2031 4410 2443 4491 solidorum
2501 4438 2599 4491 111.

713 4819 936 4984 DE
995 4893 1452 4982 PIGNORE
1508 4898 2209 4979 EXCUTIENDO.

968 5242 987 5280 ς
1008 5249 1015 5272 ι

853 5206 1021 5364 aflu—
1053 5297 1208 5352 TEM
1245 5290 1578 5352 teneatur
1632 5291 1962 5377 potestas
1998 5278 2231 5352 lacere
2289 5273 2532 5352 excuti
2572 5290 2644 5351 et
2680 5270 2943 5350 redimi
2999 5271 3314 5375 pignora
3353 5269 3519 5349 data
3556 5296 3692 5374 pro
3748 5267 3897 5349 alio

714 5430 803 5510 ab
861 5429 982 5511 illa
1036 5457 1351 5536 persona
1403 5457 1540 5536 pro
1594 5458 1738 5535 qua
1793 5430 1960 5510 data
2015 5428 2280 5510 fuerint
2336 5429 2519 5509 infra
2573 5448 2721 5509 tres
2775 5428 2935 5509 dies
2986 5447 3385 5533 postquam
3439 5426 3611 5506 inde
3666 5427 3897 5531 queri-

717 5590 973 5669 monia
1027 5588 1240 5671 fuerit
1298 5609 1370 5670 et
1426 5590 1597 5671 inde
1652 5590 1888 5694 possit
1945 5591 2327 5696 imponere
2382 5615 2651 5694 penam
2707 5607 3037 5693 potestas
3092 5585 3508 5667 solidorum
3562 5612 3662 5666 111.
