5117 6834
1179 615 1467 670 narum.
1523 615 1667 693 que
1723 605 1931 692 capte
1987 586 2253 667 fuerint
2311 586 2386 666 in
2441 583 2647 665 dicto
2701 613 2947 691 posse.
3024 605 3097 666 et
3154 585 3278 690 qui
3334 584 3845 666 contrafecerit
3901 585 4142 666 soluat
4226 613 4360 690 pro

1179 773 1366 853 pena
1424 765 1498 826 et
1551 744 1801 825 banno
1858 743 2147 824 solidos
2202 770 2328 824 xx.
2384 744 2692 850 quocies
2747 742 3255 823 contrafecerit
3307 752 3660 824 astenses.
3696 762 3769 823 et
3822 743 4149 848 quelibet
4206 770 4359 847 per-

1180 930 1366 986 sona
1419 903 1656 1008 possit
1711 901 1884 982 inde
1939 928 2301 982 accusare.
2388 919 2462 981 et
2544 901 2613 980 ei
2697 902 3114 1018 iuramento
3197 900 3554 982 credatur.
3615 921 3687 980 et
3743 901 4008 981 habeat
4065 901 4359 980 tertiam

1177 1080 1462 1167 partem
1518 1061 1766 1140 banni.
1826 1079 1900 1140 et
1955 1059 2309 1139 dominus
2363 1076 2693 1163 potestas
2748 1059 2980 1163 possit
3040 1057 3211 1138 inde
3268 1058 3632 1162 inquirere
3688 1056 3780 1136 ad
3839 1084 4049 1138 suam
4093 1057 4353 1137 uolun-

1181 1238 1439 1300 tatem.

793 1748 945 1827 299
1169 1652 1390 1817 DE
1444 1731 1803 1814 FURTIS
1857 1731 2094 1812 NON
2146 1730 2814 1814 RECETANDIS.

1294 1950 1482 2155 Q
1505 2062 1663 2117 TEM
1720 2055 2077 2116 statutum
2133 2056 2244 2115 est
2298 2034 2503 2138 quod
2584 2032 2826 2137 aliqua
2906 2059 3221 2137 persona
3308 2061 3461 2113 non
3518 2035 3755 2138 possit
3810 2053 4177 2139 receptare
4246 2034 4363 2114 uel

1189 2195 1540 2275 reducere
1596 2193 1837 2298 aliqua
1895 2193 2079 2273 furta
2137 2218 2266 2272 seu
2321 2190 2643 2296 aliquam
2682 2218 2839 2271 rem
2879 2186 3159 2271 furtiue
3181 2211 3466 2296 captam
3508 2193 3867 2274 scienter„
3904 2192 3994 2271 Et
4049 2219 4361 2297 persona

1188 2379 1332 2457 que
1389 2330 1898 2431 contrafecerit
1954 2348 2196 2429 soluat
2253 2349 2312 2428 si
2373 2347 2585 2428 fuerit
2642 2347 2899 2428 ualens
2956 2348 3367 2428 solidorum
3424 2378 3471 2426 v
3530 2349 3648 2430 uel
3706 2348 3885 2429 insta
3942 2377 4078 2455 pro
4118 2352 4365 2430 banno

1187 2509 1478 2590 solidos
1532 2535 1651 2588 Lx.
1711 2525 1785 2587 et
1839 2536 1880 2587 a
1938 2505 2197 2588 solidis
2251 2532 2299 2583 v
2358 2532 2571 2610 supra
2637 2504 2855 2585 libras
2909 2532 2961 2586 x
3018 2524 3091 2585 et
3148 2506 3495 2585 emendet
3561 2506 3859 2586 furtum.
3919 2525 3993 2587 et
4049 2534 4363 2612 persona

1186 2696 1330 2775 que
1406 2668 1696 2748 soluere
1770 2694 1927 2746 non
2001 2667 2272 2772 poterit
2345 2692 2614 2771 penam
2683 2665 3088 2769 predictam
3160 2665 3509 2744 cochatur
3566 2667 3639 2744 in
3698 2663 3939 2746 fronte
4008 2665 4126 2745 uel
4196 2666 4366 2746 inci-

1188 2826 1400 2907 datur
1456 2828 1523 2906 ei
1579 2825 2003 2905 auriculam.
2063 2825 2152 2903 Et
2209 2826 2269 2904 si
2326 2824 2589 2928 aliquis
2644 2842 3044 2928 receptaret
3100 2822 3219 2902 uel
3277 2823 3651 2902 reduceret
3707 2822 3946 2928 aliqua
4004 2820 4189 2904 furta
4238 2851 4368 2904 seu

1189 3011 1307 3064 res
1363 3002 1571 3089 capta
1627 2981 1890 3063 furtiue
1948 2981 2037 3062 ab
2093 2980 2343 3087 aliquo
2403 2982 2761 3062 baraterio
2818 2981 2936 3061 uel
2993 2980 3342 3060 barateria
3416 2947 3536 3060 uel
3592 2980 3899 3092 ribaudo
3956 3008 4084 3060 seu
4142 2982 4368 3062 latro-

1189 3140 1406 3221 nibus
1459 3138 1770 3246 publicis
1825 3138 2066 3220 soluat
2122 3139 2355 3219 dictas
2408 3166 2635 3245 penas
2673 3140 2829 3218 sine
2868 3138 3107 3244 aliqua
3147 3140 3661 3218 excussatione
3702 3140 3855 3219 siue
3897 3141 4210 3219 scienter
4248 3138 4364 3218 uel

1190 3326 1346 3379 non
1403 3298 1641 3379 fuerit.
1701 3300 1794 3378 Et
1851 3316 2179 3403 potestas
2233 3299 2469 3403 possit
2525 3285 2890 3402 inquirere
2945 3297 3036 3377 ad
3096 3324 3301 3376 suam
3343 3296 3833 3376 uoluntatem.

807 3823 954 3900 300
1173 3722 1395 3891 DE
1448 3785 1949 3885 SEsTARns
2004 3766 2498 3884 COMUNIS.

1303 4021 1490 4225 Q
1510 4140 1667 4194 TEM
1698 4132 2054 4193 statutum
2094 4131 2206 4193 est
2243 4112 2446 4217 quod
2485 4130 2817 4217 potestas
2853 4129 3187 4192 teneatur
3226 4114 3300 4192 in
3337 4139 3678 4193 mensem
3717 4140 3951 4193 unum
3979 4131 4374 4219 postquam

1192 4272 1536 4353 iurauerit
1591 4273 1932 4376 regimen
1989 4271 2223 4351 facere
2279 4272 2428 4351 emi
2484 4298 2525 4351 a
2584 4271 2871 4351 sindico
2937 4271 3281 4351 comunis
3335 4270 3428 4350 de
3485 4273 3659 4352 here
3733 4273 4078 4352 comunis
4143 4300 4374 4353 unum

1192 4429 1578 4508 sestarium
1635 4455 1860 4508 unam
1919 4430 2245 4510 eminam
2285 4446 2358 4509 et
2406 4456 2637 4508 unum
2692 4429 3141 4533 quarterium
3196 4455 3412 4510 causa
3466 4428 3872 4512 misurandi
3928 4458 4243 4535 granum
4302 4450 4376 4512 et

1194 4586 1452 4666 omnia
1511 4585 1743 4667 blada.
1802 4588 1926 4691 qui
1985 4605 2350 4692 ponantur
2407 4613 2678 4667 omnes
2730 4605 2878 4667 tres
2951 4587 3042 4667 ad
3126 4614 3350 4667 unam
3407 4588 3819 4668 cathenam.
3880 4608 3953 4668 et
4010 4609 4197 4669 stare
4255 4590 4374 4669 de-

1194 4747 1413 4848 beant
1470 4744 1603 4824 sub
1657 4745 1946 4850 porticu
2001 4747 2345 4826 comunis
2401 4747 2499 4826 ita
2555 4746 2759 4851 quod
2817 4773 2971 4826 non
3028 4737 3315 4851 possint
3371 4748 3740 4826 remoueri
3800 4747 3892 4826 de
3949 4747 4143 4827 dicta
4196 4776 4373 4853 por-

1193 4903 1368 4983 ticu.
1409 4903 1503 4982 ad
1540 4929 1723 5008 quas
1779 4929 2163 4985 mensuras
2217 4903 2531 4984 debeant
2589 4904 2985 4984 recerchari
3027 4931 3295 4984 omnes
3348 4903 3488 4983 alie
3528 4931 3872 4985 mensure
3910 4904 4003 4984 de
4043 4905 4369 4987 baennis.

1195 5061 1288 5141 Et
1343 5064 1405 5142 si
1461 5088 1602 5166 qua
1640 5088 1954 5167 persona
1993 5061 2400 5168 dampnum
2439 5062 2722 5142 dederit
2759 5061 2879 5141 uel
2918 5063 3413 5167 pegiorauerit
3450 5062 3684 5143 dictas
3720 5067 4111 5142 mensuras
4133 5063 4373 5145 soluat

1194 5248 1330 5326 pro
1385 5248 1571 5326 pena
1629 5218 1915 5301 solidos
1969 5248 2016 5298 v
2073 5220 2208 5328 (2)
2264 5222 2567 5325 quocies
2648 5219 3155 5301 contrafecerit
3212 5240 3285 5301 et
3339 5220 3662 5326 quelibet
3743 5247 4056 5327 persona
4140 5224 4375 5326 possit

1196 5378 1369 5458 inde
1435 5405 1798 5458 accusare«
1839 5397 1912 5459 et
1967 5396 2297 5483 potestas
2355 5418 2670 5464 recercare
2726 5415 2788 5463 et
2848 5380 3233 5484 inquirere.
3297 5398 3374 5464 Et
3427 5396 3600 5486 quod
3663 5398 3871 5485 aliqua
3933 5419 4204 5486 persona
4259 5397 4373 5465 sub

1197 5576 1356 5641 pena
1417 5551 1768 5624 solidorum
1818 5576 1897 5622 Lx
1942 5553 2054 5644 (3)
2099 5577 2230 5623 non
2276 5557 2478 5643 possit
2531 5575 2746 5622 tenere
2805 5555 3079 5646 aliquam
3132 5578 3501 5623 mensuram
3548 5574 3615 5622 ut
3662 5580 3844 5645 supra
3906 5557 4028 5623 nisi
4085 5559 4369 5624 stantiata
