5117 6834
892 5131 984 5187 10

1213 684 1615 890 QJOD
1673 763 2201 848 POTESTAS
2283 763 2518 844 NoN
2602 761 2955 842 Possm*
3037 730 3830 842 coNsTRmGERE
3914 758 4387 858 ALIQUEM

1529 922 1900 1013 1URARE
1957 922 2152 1003 NISI
2208 921 2351 1000 UT
2409 919 2738 1002 INFRA.

1356 1170 1525 1329 ξιξ
1557 1256 1714 1313 ἸἘΜ
1742 1249 2096 1311 statutum
2126 1250 2237 1311 est
2274 1231 2475 1335 quod
2504 1248 2834 1337 potestas
2869 1258 3024 1311 non
3062 1232 3297 1335 possit
3335 1258 3471 1310 nec
3508 1230 3771 1311 debeat
3808 1234 4040 1312 lacere
4070 1233 4394 1338 aliquem

1225 1391 1456 1468 iurare
1513 1416 1645 1494 pro
1702 1387 1940 1492 aliqua
1995 1414 2209 1467 causa
2266 1415 2400 1467 nec
2457 1389 2821 1492 precipere
2879 1389 2945 1467 ei
2999 1414 3126 1493 per
3182 1408 3720 1469 sacramentum
3776 1390 3918 1469 nisi
3964 1416 4179 1470 causa
4214 1391 4393 1469 rixe.

1227 1565 1300 1626 et
1336 1547 1476 1626 nisi
1514 1546 1698 1626 facte
1737 1513 1981 1626 essent
2018 1543 2247 1624 ferute
2285 1544 2404 1624 uel
2443 1571 2657 1625 causa
2685 1544 2968 1625 robarie
3007 1564 3393 1625 stratarum
3431 1565 3502 1625 et
3540 1545 3902 1626 furtorum
3942 1566 4014 1626 et
4051 1548 4394 1628 omnium

1225 1703 1538 1783 aliorum
1596 1701 2130 1783 maleficiorum
2187 1721 2258 1782 et
2314 1700 2830 1806 dampnorum.
2891 1721 2963 1782 et
3018 1703 3155 1782 nisi
3206 1729 3419 1782 causa
3464 1730 3709 1782 rerum
3763 1705 4219 1809 propriarum
4267 1704 4398 1784 do·

1226 1861 1409 1939 mini
1467 1861 1789 1964 episcopi
1846 1860 1980 1964 (2)
2033 1858 2153 1938 uel
2207 1859 2348 1938 nisi
2404 1859 2479 1937 in
2536 1859 2773 1938 causis
2828 1857 3164 1939 ciuilibus
3217 1860 3294 1938 in
3351 1858 3614 1963 quibus
3670 1858 3995 1939 cassibus
4030 1860 4267 1965 possit
4323 1879 4397 1939 et

1226 2017 1487 2097 debeat
1543 2017 2048 2120 constringere
2103 2033 2329 2095 testes
2383 2014 2761 2119 perhibere
2816 2017 3331 2096 testimonium
3386 2016 3672 2097 ueritati
3713 2035 3786 2097 et
3821 2016 4025 2121 quod
4066 2035 4393 2121 potestas

1224 2201 1378 2254 non
1441 2174 1676 2280 possit
1745 2200 1878 2253 nec
1957 2172 2218 2253 debeat
2304 2199 2575 2277 cogere
2647 2172 2967 2277 aliquem
3052 2175 3281 2253 iurare
3365 2200 3492 2254 sua
3560 2193 3899 2279 precepta
3973 2176 4033 2254 si
4099 2173 4191 2254 de
4255 2175 4399 2255 hiis

1226 2329 1318 2410 de
1368 2329 1633 2435 quibus
1687 2332 1932 2434 ipsum
1986 2328 2376 2434 appellaret
2432 2329 2915 2410 satisdederit.
2973 2350 3046 2410 et
3101 2330 3245 2410 hoc
3300 2358 3455 2410 non
3510 2332 3745 2435 possit
3799 2331 4168 2411 remoueri
4227 2358 4400 2412 con·

1226 2486 1436 2567 scilio
1491 2486 1611 2567 uel
1668 2485 1815 2567 alio
1872 2485 2107 2566 modo
2163 2486 2303 2566 nisi
2362 2505 2608 2566 essent
2662 2485 2995 2567 officiarii
3045 2488 3385 2567 comunis
3432 2486 3696 2592 quibus
3745 2488 3982 2592 possit
4028 2474 4398 2593 precipere

1224 2662 1305 2722 ut
1371 2663 1754 2723 exerceant
1819 2643 2148 2748 legaliter
2214 2670 2430 2723 suurn
2486 2642 2821 2723 officium
2886 2643 3019 2724 sub
3074 2671 3259 2748 pena
3315 2671 3545 2750 usque
3603 2646 3677 2724 in
3735 2643 4021 2724 solidos
4083 2664 4255 2725 tres.
4326 2664 4399 2725 et

1226 2828 1381 2881 non
1420 2800 1627 2879 ultra.
1668 2801 1760 2880 Et
1799 2801 2070 2880 eodem
2108 2800 2344 2880 modo
2382 2801 2617 2905 possit
2653 2820 2981 2904 potestas
3035 2765 3540 2905 constringere
3582 2802 3813 2882 iurare
3867 2830 4003 2907 pro
4058 2802 4401 2907 dampnis

1227 2957 1438 3038 datis,

1231 3337 1634 3543 QJOD
1692 3415 2223 3499 POTESTAS
2277 3413 2644 3496 TENEA
2646 3413 2836 3494 rUR
2894 3359 3197 3491 SOLUI
3251 3410 3640 3490 FACERE
3694 3409 4046 3490 FODRA
4073 3408 4207 3515 (3)
4268 3409 4400 3486 ΕΤ

1551 3573 1940 3656 FACERE
1992 3571 2296 3653 REDDI
2333 3569 2912 3651 RATIONEM.
3124 3561 3136 3592 ³·

1382 3811 1537 3981 “lii-3
1560 3901 1716 3956 ΤΕΜ
1753 3894 2085 3956 teneatur
2139 3894 2466 3980 potestas
2502 3877 2803 3956 reddere
2842 3877 3206 3992 rationem
3254 3878 3603 3981 equaliter
3640 3877 3836 3959 bona
3873 3879 4019 3959 fide
4058 3898 4131 3958 et
4168 3877 4402 3960 facere

1237 4031 1428 4113 solui
1484 4032 1691 4112 fodra
1748 4033 2032 4113 ommia
2086 4052 2159 4112 et
2212 4031 2422 4113 talias
2458 4060 2600 4137 que
2636 4060 2763 4139 per
2802 4060 3122 4113 comune
3173 4033 3620 4114 baennarum
3675 4054 3843 4115 toto
3897 4054 4234 4142 tempore
4291 4037 4402 4116 sui

1235 4190 1620 4294 regiminis
1685 4190 1946 4270 suerint
2016 4191 2381 4294 imposita.
2442 4209 2513 4270 et
2579 4217 2719 4295 que
2775 4153 3256 4271 remanserint
3321 4191 3413 4271 ad
3470 4191 3917 4272 soluendum
3983 4193 4074 4273 ad
4143 4193 4405 4272 uolun-

1237 4365 1467 4427 tatem
1522 4347 1852 4427 conscilii
1908 4346 2025 4425 uel
2082 4347 2385 4427 maioris
2435 4347 2678 4452 partis,
2733 4367 2807 4428 et
2856 4346 3087 4427 facere
3138 4347 3294 4427 fieri
3346 4375 3613 4427 omnes
3666 4350 3989 4429 rationes
4061 4350 4404 4429 comunis

1241 4522 1315 4584 et
1368 4502 1705 4583 taliarum
1762 4504 2274 4609 impositarum
2329 4523 2665 4608 tempore
2723 4505 2834 4584 sui
2888 4504 3294 4608 regiminis,
3337 4525 3409 4585 et
3463 4523 3655 4585 ante.
3716 4507 3776 4586 si
3833 4505 4003 4587 inde
4041 4505 4254 4586 fuerit
4300 4534 4405 4586 re-

1240 4661 1552 4766 quisitus
1568 4690 1582 4738 :

1249 5020 1471 5182 DE
1524 5089 1888 5178 EUNDo
1944 5095 2084 5172 AD
2143 5091 2769 5173 CRIAFoRAM.
2851 5081 2984 5188 (4)

1390 5368 1485 5514 ἰᾖΙ
1506 5415 1519 5441 a
1535 5422 1542 5431 ·

1384 5449 1540 5530 1³4³&
1575 5448 1733 5503 TEM
1770 5441 2124 5502 statutum
2181 5441 2290 5502 est
2345 5422 2545 5527 quod
2586 5421 2890 5527 quilibet
2926 5423 3162 5503 homo
3217 5423 3479 5504 debeat
3533 5449 3837 5528 pergere
3893 5424 3984 5504 ad
4024 5424 4407 5504 criaforam

1249 5581 1389 5660 nisi
1445 5579 1774 5660 habuerit
1830 5581 2104 5660 iustum
2163 5578 2776 5684 impedimentum
2831 5580 2949 5660 uel
3006 5581 3146 5661 nisi
3203 5600 3394 5661 esset
3451 5580 3724 5662 electus
3763 5599 3949 5660 stare
4005 5580 4097 5660 ad
4156 5580 4407 5662 uillam
