5117 6834
274 814 424 892 340

270 3490 409 3569 341

2011 377 2455 480 LXXXI

646 691 1053 899 QUOD
1109 777 1287 857 UIA
1342 776 1581 859 FIAT
1633 777 1706 857 A
1760 777 2111 860 GURRA
2165 780 2490 862 SUPRA
2543 781 2850 862 SECUS
2912 782 3369 865 COSTAM.

663 1275 736 1335 et
790 1255 947 1336 fieri
1004 1254 1205 1334 viam
1260 1281 1486 1333 unam
1541 1252 1865 1357 amplam
1920 1280 2048 1358 per
2103 1280 2197 1333 xL
2252 1253 2500 1357 pedeS.
2564 1252 2771 1332 saluo
2828 1252 3091 1357 plures,
3123 1281 3165 1332 a
3204 1282 3420 1358 gurra
3475 1282 3708 1360 usque
3746 1257 3837 1336 ad

657 1412 889 1493 finem
966 1414 1194 1493 sancti
1270 1411 1534 1491 albani.
1604 1430 1762 1515 tam*
1826 1439 1918 1491 ex
1971 1430 2174 1515 parte
2231 1431 2301 1489 et
2367 1410 2590 1490 latere
2656 1430 3033 1491 xortarum
3116 1412 3381 1492 banalli
3458 1440 3679 1517 quam
3747 1441 3838 1495 ex

655 1566 800 1651 'alia
856 1589 1058 1676 parte
1098 1570 1190 1650 de
1231 1569 1480 1650 subter
1537 1587 1776 1649 sortes
1827 1569 2211 1673 predictas.
2273 1570 2371 1647 ita
2425 1569 2727 1672 quidem
2786 1569 2988 1673 quod
3030 1571 3088 1648 si
3129 1598 3169 1649 a
3209 1598 3425 1673 gurra
3475 1599 3706 1675 usque
3746 1572 3836 1652 ad

663 1730 861 1808 uiam
919 1728 1393 1808 marencham
1451 1727 1585 1833 (1)
1623 1725 1885 1806 alicubi
1944 1747 2056 1806 est
2092 1726 2184 1805 de
2223 1729 2549 1806 comuni.
2591 1726 2777 1805 ultra
2807 1754 2900 1806 xL
2938 1727 3186 1832 pedes.
3230 1729 3471 1832 ipsum
3512 1757 3834 1810 comune
3920 1736 3924 1741 ’

538 1972 543 1977 ,
658 1916 698 1966 a
762 1904 1124 1966 seuerato.
1184 1884 1288 1991 illi
1345 1887 1467 1989 qui
1526 1885 1617 1964 ad
1674 1885 1950 1964 dictam
2006 1886 2203 1963 viam
2263 1885 2815 1987 designauerint
2882 1885 3270 1988 designare
3318 1876 3401 1965 'et
3457 1888 3833 1991 assignare

661 2063 1050 2125 teneantur
1106 2062 1181 2124 et
1236 2044 1696 2124 aterminare.
1756 2045 1846 2122 Et
1903 2071 1943 2122 a
1999 2044 2193 2122 dicta
2249 2044 2367 2121 uia
2423 2044 2815 2122 marencha
2873 2070 3084 2147 supra
3142 2071 3370 2148 usque
3455 2046 3546 2125 ad
3602 2047 3832 2128 finem

661 2203 892 2282 sancti
948 2201 1212 2282 albani.
1271 2228 1499 2306 penes
1554 2220 1863 2281 costam.
1925 2202 2146 2280 etiam
2223 2220 2551 2305 potestas
2620 2220 2952 2280 teneatur
3016 2202 3248 2281 facere
3324 2204 3694 2307 designari
3761 2225 3834 2285 et

658 2362 1077 2441 aterminari
1153 2387 1476 2440 comune
1531 2388 1572 2439 a
1630 2380 1965 2439 seuerato
2032 2386 2162 2439 seu
2236 2360 2526 2461 speciali
2596 2339 2722 2463 per
2791 2361 3354 2440 aterminatores
3433 2363 3827 2467 predictos

661 2521 748 2597 Et
804 2519 1128 2623 predicta
1185 2518 1418 2598 facere
1475 2517 1631 2598 fieri
1687 2536 2020 2597 teneatur
2083 2535 2411 2621 potestas
2467 2515 2647 2597 infra
2705 2546 2932 2597 unum
3017 2541 3353 2598 mensem
3437 2540 3834 2624 postquam

660 2678 1003 2755 iurauerit
1060 2679 1398 2781 regimen
1459 2681 1929 2756 baennarum.
1988 2676 2080 2755 Et
2137 2676 2196 2756 si
2254 2704 2394 2780 qua
2448 2703 2763 2779 persona
2845 2675 3282 2757 laborauerit
3335 2682 3412 2756 in
3467 2677 3659 2758 dicta
3714 2680 3835 2757 uia

659 2835 844 2914 ultra
900 2836 1264 2914 terminos
1318 2834 1714 2939 predictos,
1777 2833 2018 2915 soluat
2071 2862 2207 2940 pro
2263 2862 2450 2938 pena
2509 2834 2795 2914 solidos
2833 2863 2903 2915 111
2945 2862 3079 2939 pro
3134 2835 3457 2939 qualibet
3514 2838 3697 2916 uice.
3738 2837 3832 2915 Et

656 2991 978 3097 quelibet
1033 3019 1348 3097 persona
1401 2993 1639 3097 possit
1695 2992 1866 3074 inde
1922 3019 2259 3072 accusare
2316 3012 2388 3072 et
2445 2994 2512 3073 ei
2568 2994 2987 3074 iuramento
3043 2995 3396 3074 credatur.

569 3573 572 3574 f
647 3363 865 3529 DE
949 3424 1126 3525 viA
1205 3396 1870 3529 DESIGNANDA
1950 3452 2023 3530 A
2106 3452 2281 3531 (ΠΛ
2362 3451 2945 3535 MARENCHA
3026 3456 3367 3552 usone
3449 3457 3591 3538 AD
3662 3461 3813 3539 BE-

958 3605 1411 3686 NALLUM.

783 3940 797 4009 ·Ϊ
834 3964 838 3967 ·
879 3948 893 4013 ἒ
936 3952 1132 4021 Ῑ-τΕΜ
1217 3960 1571 4020 statutum
1657 3959 1766 4019 est
1849 3940 2048 4044 quod
2134 3959 2461 4044 potestas
2542 3959 2873 4019 teneatur
2940 3939 3170 4019 facere
3228 3942 3371 4019 emi
3431 3969 3470 4020 a
3527 3948 3828 4025 comuni

657 4102 1107 4179 baennarum
1165 4117 1238 4177 et
1295 4099 1632 4177 extimari
1691 4118 1763 4176 et
1819 4098 2233 4180 aterminari
2296 4118 2366 4176 et
2423 4097 2712 4176 decerni
2780 4118 2999 4200 prout
3064 4097 3424 4176 uidebitur
3482 4117 3643 4177 11110r
3702 4099 3832 4179 ho·

623 4258 980 4351 ⁴minibus
1034 4257 1123 4335 ad
1182 4256 1326 4334 hoc
1386 4255 1638 4334 electis
1694 4256 1828 4335 sub
1882 4256 2329 4359 prestatione
2387 4275 2647 4333 eorum
2687 4255 3077 4332 iuramenti
3133 4277 3357 4333 unam
3414 4256 3628 4335 uiam.
3667 4283 3829 4336 am-

652 4415 852 4519 plam
907 4440 1001 4493 xl„
1057 4412 1368 4518 pedibus
1424 4432 1495 4491 et
1550 4388 1716 4515 plus
1771 4441 1812 4491 a
1866 4412 2062 4491 uado
2118 4413 2237 4490 uie
2296 4412 2688 4490 marenche
2771 4428 2845 4489 et
2928 4410 3394 4490 mundalauie
3461 4438 3690 4517 usque
3746 4414 3823 4492 in

554 4556 558 4560 ’
656 4571 1052 4652 banallum.
1112 4572 1233 4676 qui
1293 4589 1605 4674 quatuor
1660 4569 2009 4649 homines
2065 4569 2286 4649 nichil
2344 4571 2700 4649 attineant
2737 4569 3174 4649 habentibus
3227 4589 3428 4674 prata
3484 4570 3601 4649 uel
3657 4597 3826 4675 pos-

653 4731 1027 4810 sessiones
1082 4729 1160 4809 in
1217 4747 1546 4808 contrata
1605 4729 1725 4807 ubi
1787 4727 2115 4807 debuerit
2169 4727 2323 4806 fieri
2386 4746 2456 4806 et
2514 4728 2670 4831 capi
2728 4726 2921 4805 dicta
2977 4727 3120 4805 via.
3200 4727 3288 4805 Et
3370 4727 3515 4806 hoc
3589 4726 3821 4808 facere

653 4889 809 4969 fieri
865 4906 1198 4967 teneatur
1251 4905 1581 4991 potestas
1619 4888 1693 4965 in
1734 4902 2072 4966 mensem
2111 4912 2338 4964 unum
2381 4904 2776 4989 postquam
2814 4885 3153 4989 regimen
3190 4910 3406 4963 suum
3448 4885 3814 4965 iurauerit.

651 5048 759 5125 Ita
815 5045 1118 5150 quidem
1173 5043 1375 5150 quod
1433 5042 1616 5124 facta
1674 5043 1865 5122 dicta
1923 5044 2408 5122 extimatione
2493 5044 2611 5122 uie
2694 5042 3037 5146 predicte.
3104 5061 3435 5146 potestas
3489 5061 3823 5121 teneatur
3916 5079 3919 5082 ·

653 5204 888 5284 facere
945 5203 1137 5284 solui
1176 5203 1558 5323 ancomuni
1598 5203 2046 5288 baeu-narum
2104 5203 2666 5282 extimationem
2708 5202 2899 5281 dicte
2937 5203 3055 5280 uie
3094 5200 3357 5304 quibus
3394 5200 3821 5304 pertinuerit

654 5362 728 5440 in
784 5386 1123 5440 mensem
1180 5386 1413 5437 unum
1468 5359 1897 5462 proximum
1953 5377 2123 5462 post
2177 5357 2449 5437 dictam
2508 5360 3093 5438 extimationem.

761 5862 849 5915 21
