5117 6834
810 604 886 706 f.

2309 301 2500 368 VIIII

1004 660 1206 709 xxvn.
1262 593 1414 715 De
1462 665 1594 712 non
1640 641 1980 711 incidendo
2025 638 2297 708 alienam
2341 640 2632 707 cessiam.

810 850 884 951 f·
981 905 1204 954 xxvm.
1271 838 1426 1001 ἓξ
1479 888 1863 956 metentibus
1908 888 1977 955 in
2022 886 2234 954 alieno
2279 902 2481 974 prato.

1266 1078 1417 1200 De
1464 1127 1737 1196 secando
1782 1128 1852 1195 in
1906 1127 2114 1195 alieno
2169 1145 2371 1215 prato,

1266 1321 1417 1446 De
1463 1372 1853 1463 capientibus
1885 1371 2101 1439 fenum
2148 1370 2423 1439 alienum
2471 1372 2576 1438 uel
2622 1370 2903 1438 herbam.

1265 1568 1416 1690 De
1463 1616 1855 1707 capientibus
1901 1616 2180 1685 alienum
2228 1616 2449 1684 fenum
2493 1620 2562 1685 in
2610 1619 2841 1707 mugis.

803 1825 879 1927 f·
956 1883 1199 1932 xxvlm.
1265 1807 1544 1979 Qod
1590 1863 1869 1930 extranei
1914 1884 2044 1930 non
2093 1863 2340 1951 capiant
2389 1860 2610 1932 fenum
2656 1861 2759 1929 uel
2804 1847 3069 1931 herbam
3116 1864 3185 1930 in
3229 1862 3356 1932 fine
3402 1863 3591 1953 lequi.

799 2315 878 3153 ΗΗΗΗ

1261 2054 1537 2238 Qod
1585 2108 1871 2176 extranei
1915 2105 2114 2174 nichil
2160 2107 2484 2196 acquirant
2528 2107 2597 2174 in
2642 2105 2767 2174 fine
2817 2107 2984 2195 lequi
3031 2125 3094 2175 et
3138 2125 3565 2196 costemagne.

1043 2311 1197 2420 xxx.
1269 2302 1421 2468 Ee
1467 2375 1601 2421 non
1648 2351 2059 2442 impediendo
2104 2353 2281 2419 uiam
2330 2373 2451 2440 que
2497 2350 2672 2419 uadit
2716 2374 2829 2442 per
2873 2354 3110 2420 cimam
3155 2354 3507 2421 uinearum.

1023 2619 1194 2667 xxxl.
1268 2547 1419 2716 Ee
1464 2585 1890 2667 incidentibus
1937 2597 2268 2666 arboribus
2317 2597 2689 2666 domesticis
2735 2621 2925 2687 super
2969 2602 3249 2667 comuni.

1067 2864 1195 2913 xm.
1265 2788 1543 2979 Quod
1589 2843 1681 2911 ini
1727 2844 1807 2912 de
1852 2843 2014 2911 ultra
2061 2862 2393 2934 tanagrum
2438 2866 2573 2913 non
2618 2862 2833 2912 emant
2890 2845 3153 2914 herbam
3199 2849 3267 2915 in
3312 2846 3438 2915 fine
3494 2847 3901 2916 baennarum.

1045 3109 1194 3158 xm.
1273 3037 1425 3204 Ee
1472 3065 1607 3156 non
1653 3087 1889 3157 arando
1934 3089 2108 3156 uiam
2153 3087 2490 3178 publicam.

1263 3280 1415 3447 De
1459 3354 1594 3401 non
1639 3332 1877 3401 arando
1937 3333 2042 3401 uel
2087 3332 2371 3404 cauando
2416 3357 2617 3425 prope
2661 3342 2992 3403 terminos.

1017 3597 1193 3646 xtm.
1268 3526 1420 3692 De
1463 3576 1754 3646 naxando
1785 3577 2046 3646 canabo.

1265 3767 1543 3953 Qod
1586 3844 1720 3890 non
1766 3825 2092 3911 capiantur
2136 3823 2306 3911 ligna
2349 3824 2417 3890 in
2463 3822 2684 3890 alienis
2728 3825 2941 3911 pratis.

1062 4078 1192 4127 Lm·
1268 4014 1421 4173 Ee
1465 4066 1771 4157 ponendo
1819 4067 2043 4139 fenum
2087 4066 2252 4135 infra
2297 4066 2531 4155 ayralia
2578 4066 2966 4135 baennarum
3013 4084 3187 4135 extra
3230 4066 3466 4135 uillam.

1085 4318 1190 4368 LV·
1265 4255 1542 4432 Quod
1589 4311 1932 4379 recercatio
1980 4309 2108 4377 feni
2153 4333 2285 4378 non
2330 4312 2536 4399 possit
2580 4310 2720 4378 fieri
2764 4310 2926 4380 ultra
2970 4311 3366 4380 uoluntatem
3413 4312 3720 4382 conscilii.

1083 4565 1190 4614 LVI
1417 4560 1548 4630 uod
1593 4559 1800 4649 aliqua
1845 4580 2118 4647 persona
2153 4579 2293 4625 >non
2338 4558 2541 4645 possit
2590 4555 2865 4625 uendere
2911 4557 3135 4625 herbas
3166 4557 3427 4626 alicuius
3473 4560 3633 4647 prati
3681 4558 3851 4649 lequi
3896 4576 3960 4627 et

1607 4736 2017 4806 costemagne
2062 4725 2334 4804 persone
2380 4733 2694 4783 extranee.

991 4972 1192 5022 Lvms.
1278 4904 1432 5029 De
1476 4953 1599 5043 hijs
1645 4955 1756 5042 qui
1782 4968 2071 5041 >possunt
2115 4950 2495 5020 uindimiare
2540 4950 2621 5019 ad
2666 4972 2848 5018 suam
2893 4947 3311 5018 uoluntatem.

1056 5218 1182 5268 Lxx.
1266 5150 1422 5290 De
1466 5200 1661 5289 pratis
1707 5198 1944 5266 riuoire
1992 5195 2164 5285 quod
2214 5213 2381 5263 stent
2427 5195 2683 5264 bannita
2727 5194 2889 5263 infra
2934 5194 3238 5263 confines.

1032 5462 1179 5511 LxV.
1215 5535 1228 5542 ·
1267 5390 1545 5562 Qod
1588 5465 1723 5512 non
1763 5441 1948 5510 detur
1992 5441 2201 5531 aliqua
2245 5442 2426 5509 couis
2473 5440 2702 5508 messis
2750 5439 2936 5508 alicui
2982 5460 3261 5529 perscne.
3370 5436 3380 5444 ’
