5117 6834
399 792 496 872 43

403 2708 509 2787 44

400 4637 502 4719 45

2178 362 2481 466 VIIII

761 677 1165 883 QJOD
1249 761 1779 842 POTESTAS
1861 760 2098 843 NON
2170 762 2549 842 CAPIAT
2614 762 3087 859 ALIQUEM
3160 760 3929 844 PERSONALITER

1072 917 1205 998 DE
1234 918 1718 1000 >BAENNIS.

889 1167 1076 1369 Q
1097 1276 1255 1332 TEM
1311 1269 1665 1331 statutum
1705 1269 1815 1330 est
1852 1250 2055 1355 quod
2110 1268 2437 1354 potestas
2491 1277 2648 1330 non
2702 1251 2938 1354 possit
2986 1276 3129 1329 nec
3183 1248 3446 1330 debeat
3499 1276 3753 1354 capere
3798 1277 3949 1353 per·

689 1388 692 1389 f
776 1408 1127 1525 sonaliter
1174 1407 1497 1514 aliquem
1533 1408 1626 1488 de
1664 1408 1968 1488 baennis
2012 1406 2134 1489 uel
2179 1406 2670 1488 habitatorem
2707 1406 2883 1487 dicti
2923 1405 3067 1488 loci
3105 1434 3241 1487 nec
3279 1407 3543 1487 ducere
3581 1408 3823 1512 ipsum
3871 1408 3946 1485 in

772 1586 1093 1648 castrum
1149 1567 1275 1672 qui
1327 1567 1599 1672 poterit
1653 1565 1824 1645 dare
1880 1566 2346 1647 securitatem
2391 1584 2464 1645 et
2500 1564 2785 1647 dederit
2838 1563 3135 1645 bonam'
3172 1584 3246 1645 et
3298 1564 3674 1668 ydoneam
3720 1563 3813 1644 de
3853 1592 3947 1645 eo

775 1723 868 1804 de
923 1750 1076 1828 quo
1131 1724 1376 1827 ipsum
1429 1722 1887 1827 requisiuerit
1923 1740 2273 1826 potestas.
2333 1722 2474 1802 nisi
2531 1740 2725 1803 esset
2778 1749 2914 1826 pro
2969 1720 3362 1802 maleficio,
3418 1720 3760 1801 uidelicet
3812 1747 3948 1825 pro

773 1879 1059 1961 robaria
1119 1879 1539 1986 proditione
1596 1898 1669 1959 et
1723 1879 1916 1958 furto
1973 1897 2046 1958 et
2101 1879 2430 1984 dampno
2485 1879 2664 1960 dato
2720 1879 2812 1959 de
2869 1897 3112 1959 nocte.
3173 1897 3247 1958 et
3299 1902 3435 1983 pro
3488 1877 3718 1958 feruta
3769 1880 3950 1983 peri-

775 2036 1051 2118 culosa.
1120 2056 1194 2117 et
1256 2064 1392 2142 pro
1459 2038 1718 2118 ceteris
1782 2034 2166 2118 maleficiis
2230 2037 2386 2117 siue
2450 2035 2738 2118 delictis
2802 2064 2937 2142 pro
3002 2036 3265 2142 quibus
3325 2037 3483 2117 siue
3557 2037 3949 2116 occasione

774 2220 1094 2298 quorum
1151 2191 1602 2297 imponenda
1660 2211 1852 2272 esset
1907 2193 2308 2297 corporalis
2369 2220 2557 2298 pena
2611 2193 2732 2274 uel
2789 2194 3169 2298 sanguinis
3233 2194 3387 2272 siue
3441 2193 3945 2272 tormentatio.

754 2622 976 2788 DE
1005 2703 1477 2802 .MULIERE
1532 2704 2063 2786 SEPARATA
2116 2705 2252 2785 AB
2307 2704 2801 2786 HOSPITIO
2856 2706 3373 2789 FILIORUM.

879 2935 1064 3138 Q
1094 3047 1251 3102 TEM
1315 3040 1668 3101 statutum
1735 3039 1844 3100 est
1908 3020 2110 3125 quod
2165 3019 2429 3100 mulier
2484 3047 2626 3126 que
2683 3048 2761 3100 se
2828 3021 3264 3125 separauerit
3327 3019 3417 3100 ab
3481 3020 3809 3125 hospitio
3870 3021 3951 3101 fi-

774 3178 1049 3297 liorum
1090 3205 1394 3259 suorum
1432 3176 1552 3257 uel
1591 3178 1833 3257 mariti
1873 3196 1947 3257 et
1983 3178 2338 3281 receperit
2394 3177 2655 3257 dotem
2713 3203 2920 3257 suam
2956 3195 3289 3257 teneatur
3327 3176 3615 3258 soluere
3653 3175 3949 3257 fodrum

778 3355 853 3416 et
906 3335 1160 3416 taliam
1216 3336 1558 3415 comunis
1611 3361 1747 3439 pro
1801 3352 2002 3414 tanta
2058 3353 2256 3439 parte
2311 3335 2738 3439 quantitatis
2790 3361 3014 3439 quam
3069 3335 3419 3439 receperit
3473 3333 3562 3414 ab
3620 3361 3714 3414 eo
3769 3353 3952 3414 tem-

773 3519 957 3598 pore
1013 3493 1190 3572 citra
1243 3518 1395 3596 quo
1451 3510 1831 3595 regestum
1884 3490 2159 3571 factum
2213 3509 2345 3571 est.
2404 3509 2674 3596 quanta
2728 3509 2971 3571 taxata
3023 3489 3239 3572 fuerit
3273 3517 3401 3595 per
3440 3491 3805 3595 sapientes
3857 3490 3950 3571 ad

772 3649 920 3729 hoc
988 3648 1291 3730 electos,
1357 3667 1430 3729 et
1498 3649 1697 3729 idem
1761 3639 2211 3752 intelligatur
2274 3667 2347 3728 et
2411 3646 2841 3728 obseruetur
2895 3647 2989 3728 de
3044 3649 3393 3728 omnibus
3455 3646 3755 3729 dotibus
3809 3675 3950 3753 que

775 3807 1213 3911 recipientur
1269 3832 1361 3886 ex
1417 3806 1881 3887 successione
1935 3803 2240 3885 alicuius
2294 3804 2623 3885 mulieris
2676 3804 3016 3887 defuncte
3072 3807 3227 3887 siue
3290 3825 3582 3886 mortue
3637 3804 3758 3885 uel
3810 3805 3951 3886 alia

775 3989 1238 4068 quacumque
1276 3963 1668 4045 occasione
1705 3962 2125 4042 dummodo
2180 3962 2563 4067 recipiatur
2617 3962 2813 4044 dicta
2847 3962 2987 4043 dos
3024 3963 3116 4043 de
3169 3962 3498 4067 hospitio
3537 3963 3694 4042 sine
3732 3960 3950 4044 bonis

778 4120 1118 4226 obligato
1173 4119 1294 4201 uel
1350 4118 1703 4224 obligatis
1756 4147 1892 4225 pro
1948 4120 2141 4200 dicta
2195 4120 2373 4200 dote
2428 4119 2901 4201 restituenda.

742 4550 964 4716 DE
1021 4630 1503 4715 TERMINO
1556 4632 2222 4715 DEFENSIONIS
2276 4634 2675 4715 DANDO.

879 4985 944 5048 ς
976 4949 1037 5042 ’.Ξ
1096 4972 1254 5028 ΤῈΜ
1318 4964 1672 5027 statutum
1730 4965 1842 5026 est
1897 4946 2097 5051 quod
2161 4947 2373 5028 detur
2437 4964 2510 5025 et
2574 4947 2987 5051 assignetur
3049 4948 3407 5026 terminus
3468 4946 3948 5027 deffensionis

778 5104 1077 5186 cuilibet
1127 5131 1444 5211 persone
1509 5122 1840 5184 accusate
1894 5101 2015 5182 uel
2071 5102 2433 5208 inculpate
2498 5102 2591 5183 de
2654 5102 2905 5209 aliquo
2967 5101 3216 5184 banno
3281 5129 3409 5182 seu
3472 5102 3839 5184 maleficio
3893 5130 3945 5184 x

778 5262 1067 5342 dierum
1134 5261 1228 5341 ad
1296 5262 1566 5341 minus,
1634 5280 1708 5340 et
1760 5259 1924 5365 plus
1988 5260 2050 5340 si
2113 5260 2206 5340 de
2270 5259 2531 5363 grandi
2589 5259 2958 5341 maleficio
3019 5259 3382 5365 inculpata
3452 5258 3665 5339 foret.
3739 5224 3947 5340 aliter

776 5436 1108 5524 potestas
1161 5444 1318 5498 non
1370 5419 1607 5523 possit
1660 5417 2057 5523 procedere
2095 5433 2350 5497 contra
2383 5415 2707 5522 aliquam
2761 5443 3155 5522 personam
3191 5435 3641 5497 accussatam
3695 5417 3816 5498 uel
3851 5417 3943 5498 de

779 5575 1032 5681 aliquo
1069 5573 1439 5655 maleficio
1477 5573 1598 5654 uel
1634 5572 1829 5655 facto
1867 5572 2334 5678 inculpatam.
2376 5591 2451 5653 et
2495 5575 2699 5679 quod
2736 5573 2895 5654 dies
2942 5575 3019 5654 in
3067 5601 3217 5679 quo
3262 5574 3429 5654 data
3484 5573 3699 5655 fuerit
3751 5575 3943 5656 dicta

1002 5815 1034 5892 3
