5117 6834
2223 267 2562 373 XLIII

804 595 975 675 alio.
1038 583 1112 676 et
1168 593 1372 699 quod
1429 621 1587 673 non
1640 593 1881 698 possit
1936 594 2248 674 concedi
2335 592 2579 696 baylia
2662 592 3050 673 accusandi
3108 619 3238 698 per
3293 594 3733 674 conscilium
3793 597 4009 676 baen-

807 780 1069 834 narum
1124 753 1342 833 alicui
1397 778 1716 859 persone
1802 779 1958 832 non
2041 751 2401 832 habitanti
2485 752 2563 831 in
2622 751 2930 831 baennis
2985 770 3060 833 et
3115 779 3270 832 non
3329 752 3651 833 soluenti
3706 751 4006 834 fodrum

806 941 941 1018 pro
998 914 1305 994 comuni
1348 915 1827 992 baennarum.
1869 911 2010 991 nisi
2068 909 2190 991 illa
2245 936 2565 1015 persona
2605 929 2799 990 esset
2855 910 3244 991 nominata
3301 938 3642 1016 expresse
3682 913 3760 991 in
3799 912 4005 992 dicto

740 1072 743 1075 ’
807 1070 1169 1151 conscilio
1226 1097 1357 1150 seu
1413 1070 1964 1151 ordinamenta
2022 1068 2169 1148 hoc
2226 1067 2630 1173 capitulum
2684 1067 3138 1172 intelligatur
3192 1068 3395 1173 quod
3462 1089 3800 1150 accusare
3848 1096 4005 1150 non

805 1230 1119 1333 possint.
1181 1228 1309 1308 sic.
1368 1228 1572 1334 quod
1629 1228 1966 1332 ipsorum
2021 1227 2305 1306 accusis
2360 1225 2696 1306 credatur
2745 1228 3020 1334 absque
3077 1224 3217 1306 alia
3270 1229 3736 1331 probatione.
3795 1226 4006 1307 aliter

806 1405 1024 1491 atque
1081 1388 1270 1466 bene
1325 1387 1638 1491 possint.

415 1838 553 1918 195
785 1705 1016 1874 DE
1067 1783 1310 1867 NON
1362 1730 2052 1879 RoNCHANDo
2107 1771 2424 1855 SUPER
2480 1770 2924 1854 coMUNJ.

917 2025 1111 2231 ΞΕ
1127 2149 1283 2203 TEM
1338 2140 1698 2236 statutum
1754 2140 1867 2201 est
1920 2120 2123 2226 quod
2181 2120 2424 2225 aliqua
2467 2119 2794 2226 'persona
2852 2147 3009 2200 non
3066 2121 3302 2227 possit
3341 2149 3478 2202 nec
3517 2121 3782 2203 debeat
3836 2150 4007 2203 ron-

805 2282 1020 2361 chare
1077 2280 1197 2362 uel
1254 2280 1594 2361 ronchari
1651 2284 1888 2360 tacere
1944 2277 2195 2385 aliquo
2249 2280 2490 2360 modo
2545 2278 2668 2359 uel
2723 2280 3036 2383 ingenio
3075 2280 3151 2358 in
3191 2279 3442 2383 aliquo
3499 2278 3673 2364 loco
3729 2282 3807 2360 in
3854 2279 4003 2360 fine

807 2442 1262 2519 baennarum
1321 2437 1521 2544 lequi
1579 2458 1652 2519 et
1718 2456 2206 2541 costemagne
2282 2437 2499 2543 super
2565 2438 2896 2519 comuni.
2966 2440 3102 2516 sub
3173 2464 3365 2542 pena
3431 2437 3846 2518 solidorum
3904 2467 4003 2518 xx

806 2600 1216 2680 astensium
1271 2625 1408 2704 pro
1464 2596 1789 2703 qualibet
1842 2624 2160 2702 persona
2215 2598 2522 2703 quocies
2578 2594 3114 2676 contrafecerit.
3173 2614 3248 2675 et
3303 2594 3630 2700 quelibet
3686 2622 4003 2701 persona

806 2758 1042 2862 possit
1099 2755 1273 2836 inde
1329 2782 1669 2835 accusare
1727 2774 1801 2835 et
1857 2756 1925 2834 ei
1983 2758 2406 2836 iuramento
2464 2755 2802 2834 credatur
2857 2775 2931 2834 et
2987 2753 3253 2833 habeat
3335 2755 3631 2834 tertiam
3713 2773 4001 2859 partem

806 2916 1055 2995 banni.
1115 2933 1190 2995 et
1244 2931 1582 2994 teneatur
1634 2914 1946 3017 priuata.
2007 2912 2220 2993 saluo
2275 2932 2531 2993 tamen
2589 2912 2792 3018 quod
2850 2911 3158 3018 quilibet
3211 2912 3456 3017 possit
3509 2912 3868 3002 ronchare
3925 2913 4002 2992 in

804 3071 1161 3152 frascheta
1220 3070 1632 3152 secundum
1690 3070 1894 3175 quod
1931 3069 2124 3149 ¹inde
2180 3069 2610 3150 ordinatum
2668 3088 2780 3149 est
2834 3096 2964 3176 per
3019 3064 3462 3149 conscilium
3518 3073 3996 3149 baennarum.

805 3231 898 3312 Et
954 3230 1158 3336 quod
1214 3248 1548 3335 potestas
1603 3256 1760 3308 non
1815 3229 2056 3334 possit
2135 3255 2414 3333 ponere
2472 3229 2546 3307 in
2607 3226 2969 3308 conscilio
3025 3228 3229 3333 quod
3286 3227 3684 3308 ronchetur
3740 3249 3998 3309 contra

803 3390 1150 3495 predicta.
1210 3387 1303 3467 Et
1361 3388 1422 3467 si
1478 3385 1992 3467 contrafecerit
2047 3387 2339 3466 amittat
2379 3387 2471 3466 de
2511 3413 2650 3466 suo
2691 3386 2955 3466 salario
2995 3384 3215 3465 libras
3268 3414 3316 3464 x
3374 3405 3447 3465 et
3501 3413 3817 3492 persona
3855 3414 3997 3492 que

805 3548 976 3627 inde
1031 3564 1364 3652 potestas
1418 3545 1882 3650 requisiuerit
1938 3542 2183 3625 soluat
2236 3570 2373 3650 pro
2429 3570 2619 3648 pena
2676 3544 2964 3624 solidos
3016 3571 3095 3624 x.
3152 3545 3245 3624 Et
3302 3545 3626 3649 quelibet
3682 3572 3998 3649 persona

802 3706 1038 3810 possit
1093 3704 1266 3785 inde
1321 3730 1662 3784 accusare
1715 3721 1798 3782 ut
1855 3728 2092 3807 supra.
2150 3702 2244 3782 Et
2299 3702 2501 3806 quod
2586 3702 2828 3806 aliqua
2907 3728 3221 3807 persona
3294 3730 3451 3782 non
3505 3704 3744 3808 possit
3797 3730 3999 3783 arare

803 3864 923 3945 uel
980 3891 1238 3944 cauare
1294 3864 1438 3943 nisi
1495 3881 1577 3941 ut
1631 3861 2047 3967 predictum
2106 3878 2218 3939 est
2274 3861 2349 3939 in
2407 3858 2778 3957 frascheta,
2805 3887 3021 3965 super
3059 3862 3365 3940 comuni
3404 3861 3679 3966 absque
3717 3861 3998 3957 ‚uolun-

802 4041 951 4103 tate
1007 4021 1345 4102 conscilii
1399 4020 1855 4101 baennarum
1913 4017 2032 4097 uel
2090 4019 2395 4098 maioris
2451 4018 2677 4122 partis
2732 4021 2868 4098 sub
2926 4019 3189 4098 eadem
3226 4046 3416 4122 pena
3456 4039 3529 4099 et
3567 4019 3816 4100 banno
3874 4048 3998 4100 so-

804 4180 1126 4262 lidorum
1184 4207 1282 4259 xx
1339 4180 1772 4259 astensium.
1832 4177 1927 4257 Et
1982 4173 2308 4280 quelibet
2363 4202 2679 4280 persona
2734 4177 2974 4281 possit
3027 4177 3202 4256 ind'e
3259 4204 3598 4273 accusare
3639 4196 3717 4256 ut
3757 4205 3992 4283 supra.

803 4341 897 4419 Et
952 4340 1077 4445 qui
1133 4336 1556 4418 consuleret
1612 4335 1817 4442 quod
1873 4333 2275 4415 ronchetur
2330 4332 2575 4413 soluat
2611 4362 2746 4439 pro
2786 4335 3120 4439 quolibet
3177 4355 3250 4415 et
3305 4334 3630 4441 qualibet
3665 4336 3829 4415 uice
3881 4364 3997 4415 so-

802 4496 998 4578 lidos
1052 4522 1178 4577 xx.

422 4915 563 5015 196
790 4796 1019 4967 DE
1071 4878 1608 4966 NAXANDo
1664 4870 2138 4958 CANAsso.

922 5132 1273 5338 Qum
1335 5248 1697 5310 statutum
1752 5248 1865 5310 est
1921 5230 2124 5335 quod
2182 5228 2422 5334 aliqua
2481 5256 2798 5334 persona
2852 5256 3007 5308 non
3066 5228 3303 5333 possit
3358 5253 3495 5307 nec
3552 5225 3818 5305 debeat
3874 5253 3995 5305 na-

801 5413 978 5466 xare
1034 5388 1170 5495 (1)
1224 5388 1346 5469 uel
1400 5390 1652 5469 naxari
1707 5388 1944 5470 facere
2001 5386 2304 5493 aliquod
2343 5389 2706 5467 canabum
2763 5388 2839 5467 in
2894 5413 3120 5466 cuzea
3175 5386 3265 5466 ab
3321 5405 3494 5466 orto
3548 5382 3996 5465 bartolomei

802 5545 1183 5650 brugogni
1242 5548 1572 5652 superius
1627 5545 1895 5627 alicubi
1951 5573 2086 5625 nec
2144 5573 2184 5624 a
2240 5544 2438 5625 uado
2494 5564 2981 5648 costemagne
3021 5544 3097 5623 in
3137 5542 3606 5623 mundelauia
3666 5543 3996 5648 superius
