5117 6834
407 1362 561 1443 ²32

410 4137 560 4218 233

2270 318 2499 420 LIII

797 596 972 678 tori.
1028 594 1125 675 de
1178 592 1449 699 quibus
1502 594 1573 674 ei
1628 592 1969 674 satisfieri
2021 592 2285 698 possit
2343 609 2679 698 potestas
2730 609 3069 672 teneatur
3147 589 3243 670 ad
3322 589 3756 673 instantiam
3810 588 3992 671 dicti

801 750 1193 835 creditoris
1244 749 1482 833 faeere
1536 750 1776 856 ipsam
1829 749 2330 856 preconizzari
2371 751 2448 830 in
2483 752 2736 830 banno
2773 774 3000 854 quem
3054 747 3148 828 ad
3203 746 3525 828 modum
3562 747 3874 829 iurasset
3910 772 3993 828 se

799 910 989 993 nihil
1040 910 1338 991 habere.

804 1265 959 1430 D
966 1347 1026 1424 E
1082 1345 1596 1429 PONENDO
1651 1345 2010 1429 FENUM
2064 1346 2377 1429 INFRA
2412 1344 2876 1430 AYRALIA
2920 1346 3572 1431 BAENNARUM
3628 1350 3979 1431 EXTRA

1116 1504 1529 1584 UILLAM.

840 1828 846 1834 ·
928 1717 1281 1919 Qum
1335 1816 1700 1880 statutum
1774 1817 1887 1878 est
1959 1796 2163 1903 quod
2220 1795 2548 1902 quelibet
2629 1777 2947 1905 persona
3001 1821 3146 1908 que
3212 1794 3551 1876 habuerit
3603 1793 3859 1883 fenum
3916 1797 3994 1884 in

800 1954 1112 2037 baennis
1165 1955 1287 2037 uel
1339 1982 1564 2062 posse
1609 1974 1955 2037 teneatur
2010 1974 2085 2036 et
2139 1954 2405 2035 debeat
2484 1979 2764 2060 ponere
2837 1971 2912 2034 et
2966 1979 3428 2058 congregare
3510 1953 3994 2034 medietatem

805 2113 983 2195 dicti
1037 2113 1187 2195 feni
1241 2113 1334 2194 ad
1391 2112 1643 2194 minus
1696 2131 1899 2193 extra
1960 2110 2218 2192 uillam
2280 2109 2737 2192 baennarum
2800 2113 2935 2192 sub
2998 2137 3189 2216 pena
3252 2109 3670 2191 solidorum
3722 2137 3799 2192 v.
3852 2138 3993 2217 pro

805 2271 1131 2378 qualibet
1167 2288 1464 2352 carrata.
1506 2288 1581 2350 et
1634 2268 1963 2376 quelibet
2012 2295 2333 2375 persona
2384 2268 2626 2375 possit
2677 2267 2853 2357 inde
2907 2291 3249 2355 accusare
3281 2285 3364 2353 et
3395 2258 3748 2364 credatur*
3787 2294 4000 2370 mu.

806 2430 1080 2510 sationi
1109 2455 1238 2509 sue
1267 2429 1714 2523 iuramento,
1743 2427 1839 2507 Et
1873 2443 2207 2532 potestas
2231 2426 2471 2532 possit
2500 2443 2576 2506 et
2601 2442 2938 2506 teneatur
2976 2425 3343 2530 inquirere
3380 2423 3995 2515 contrafacientes

808 2585 902 2675 de
939 2612 1202 2673 mense
1239 2585 1597 2673 octubris.
1635 2602 1716 2671 et
1749 2585 1948 2691 ipsas
1983 2584 2244 2690 punire
2282 2601 2364 2664 ut
2398 2582 2817 2689 predictum
2855 2601 2994 2666 est.
3023 2581 3279 2688 aliquo
3313 2581 3642 2689 capitulo
3680 2569 3995 2695 factoJJin

808 2743 1265 2831 contrarium
1314 2770 1477 2831 non
1532 2744 1901 2829 obstante.
1940 2760 2019 2829 et
2052 2741 2382 2847 predicta
2435 2741 2875 2846 inquirenda
2918 2739 3137 2824 faciat
3189 2767 3365 2825 cum
3400 2724 3696 2825 duobus
3738 2740 3997 2827 homi-

807 2902 1030 2988 nibus
1040 2899 1137 2987 ad
1165 2900 1314 2989 hoc
1343 2899 1601 2987 electis
1617 2926 1748 3006 per
1768 2898 2132 2987 electores
2156 2899 2508 2985 comunis
2531 2898 3016 2984 baennarum.
3035 2916 3114 2981 et
3129 2898 3279 2983 hoc
3306 2896 3713 3004 capitulum
3740 2897 3998 2986 locum

806 3060 1075 3145 babeat
1129 3059 1207 3143 in
1230 3110 1233 3111 f
1260 3058 1606 3164 personis
1657 3056 2101 3145 habentibus
2176 3055 2451 3162 aylaria
2530 3053 2717 3143 infra
2780 3053 3342 3143 mondalauiam
3395 3072 3472 3142 et
3523 3082 3861 3143 cuzeam.
3917 3073 3999 3144 Er

807 3232 983 3322 quod
1024 3231 1198 3308 nulla
1240 3255 1517 3322 persona
1561 3231 1640 3304 de
1686 3232 1947 3307 barennis
1990 3231 2096 3305 uel
2137 3230 2231 3303 ibi
2294 3231 2589 3303 habitans
2653 3230 2884 3302 audeat
2943 3230 3050 3301 uel
3103 3249 3434 3321 presumat
3473 3231 3708 3302 ducere
3753 3255 3997 3303 messes

807 3389 914 3465 uel
957 3389 1079 3465 alia
1125 3389 1308 3464 blada
1352 3389 1561 3479 paleas
1606 3389 1715 3499 uel
1752 3388 1940 3463 §olias
1982 3391 2054 3465 in
2096 3388 2249 3461 uilla
2292 3388 2683 3461 humanum
2725 3388 2845 3463 sub
2888 3411 3052 3478 pena
3120 3388 3479 3465 solidorum
3522 3412 3603 3458 Lx
3647 3392 3997 3461 astensium

806 3548 989 3624 salvo
1016 3548 1191 3639 quod
1220 3547 1499 3639 quelibet
1544 3570 1816 3638 persona
1860 3549 2066 3637 possit
2108 3547 2342 3621 ducere
2388 3563 2698 3618 sanatam
2741 3569 2938 3618 mam
2977 3547 3303 3636 palearum
3332 3566 3397 3617 et
3427 3548 3745 3623 solinum.
3775 3567 3844 3617 et
3871 3549 3999 3619 hoc

809 3705 1197 3793 intelligatur
1240 3724 1532 3796 tempore
1574 3706 1770 3794 pacis.
1814 3704 1931 3796 (r)

802 4041 1205 4253 QJoo
1261 4122 1805 4209 TASCHETE
1873 4108 2009 4222 (2)
2054 4121 2189 4205 ET
2242 4120 2794 4209 PARASIDES
2845 4108 2981 4223 (3)
3047 4122 3279 4205 NoN
3337 4122 3977 4205 TENEANTUR

1118 4280 1260 4359 AD
1316 4279 1979 4363 MOLANDINA.

932 4499 1286 4701 Qum
1342 4599 1700 4667 statutum
1757 4599 1870 4661 est
1923 4581 2128 4691 quod
2186 4582 2264 4662 in
2318 4582 2776 4665 molandinis
2826 4580 3283 4669 baennarum
3337 4609 3496 4663 non
3548 4582 3841 4698 possint
3892 4600 4001 4662 te·

812 4742 968 4823 neri
1024 4741 1268 4847 alique
1331 4740 1663 4822 taschete
1716 4739 1838 4820 uel
1892 4740 2308 4845 parascides
2382 4768 2525 4855 pro
2590 4740 3079 4822 helemosinis
3140 4739 3606 4845 recipiendis
3664 4758 3739 4821 et
3792 4739 3997 4851 quod

812 4899 1056 5005 aliqua
1091 4926 1411 5005 persona
1464 4925 1624 4981 non
1676 4899 1918 5003 possit
1972 4897 2144 4979 dare
2200 4896 2511 4979 farinam
2566 4899 2644 4978 in
2698 4897 2941 5004 aliqua
2977 4899 3387 5004 quantitate
3423 4896 3640 4978 alicui
3677 4924 3998 5003 persone

812 5057 906 5138 de
962 5056 1186 5137 blado
1240 5074 1538 5162 portato
1618 5055 1714 5135 ad
1795 5055 2343 5137 molandinum.
2428 5074 2503 5136 et
2565 5083 2883 5161 persona
2962 5082 3105 5161 que
3163 5054 3448 5135 dictum
3503 5082 3820 5160 granum
3876 5055 3997 5136 uel

811 5213 1121 5294 farinam
1177 5214 1464 5295 dederit
1520 5213 1767 5294 soluat
1815 5240 1954 5319 pro
2008 5242 2200 5319 pena
2255 5213 2543 5295 solidos
2606 5242 2680 5293 x.
2739 5231 2814 5294 et
2865 5214 3234 5319 accipiens
3311 5212 3596 5293 dictum
3679 5240 3998 5318 granum

812 5372 937 5453 uel
992 5373 1303 5453 farinam
1358 5371 1705 5452 eamdem
1756 5399 2028 5477 penam
2085 5371 2494 5452 substineat
2546 5399 2685 5477 pro
2748 5370 3073 5476 qualibet
3127 5371 3314 5451 uice.
3372 5371 3467 5451 Et
3522 5371 3580 5451 si
3637 5371 3998 5477 magister

814 5528 1427 5610 molandinorum
1483 5528 1884 5610 dimisserit
1940 5529 2016 5609 in
2071 5528 2527 5609 molandinis
2582 5527 2904 5633 aliquam
2941 5528 3351 5608 taschetam
3387 5526 3508 5608 uel
3547 5527 3999 5633 parascidem

998 5764 1093 5836 14
