5117 6834
2412 316 2476 382 11

848 592 923 691 f·
1115 650 1243 695 xvl.
1300 584 1452 745 D:
1501 658 1632 702 non
1682 635 1903 703 dandis
1952 634 2270 703 oxidibus.

845 837 921 936 f.
1078 894 1235 941 xvn.
1303 828 1455 988 DJ
1506 880 1775 946 emenda
1822 902 2133 968 equorum
2181 883 2533 969 potestatis,

1301 1073 1452 1232 DJ
1500 1123 2010 1190 ambaxatoribus
2059 1125 2384 1191 mittendis
2430 1147 2549 1212 pro
2595 1127 2857 1191 comuni
2905 1146 2967 1192 et
3015 1148 3238 1192 eorum
3285 1125 3530 1193 salario.

843 1328 920 1427 f·
1058 1382 1235 1431 xvm.
1308 1317 1460 1478 De
1508 1368 1899 1436 soluentibus
1934 1367 2189 1436 fodrum
2237 1370 2305 1436 in
2354 1368 2635 1436 baenniS.

1306 1559 1582 1730 Quod
1630 1632 1909 1702 potestas
1956 1637 2086 1682 non
2133 1617 2339 1703 possit
2384 1617 2677 1704 expensis
2722 1617 3016 1684 comunis
3063 1616 3319 1682 nuntios
3367 1617 3641 1682 mittere.

1305 1808 1456 1932 De
1508 1862 1749 1927 ratione
1794 1859 1941 1927 talie
1987 1859 2278 1927 tenenda.

838 2067 914 2167 f·
1099 2124 1232 2171 xxl.
1301 2053 1453 2218 ρετ
1500 2104 1809 2173 conscilio
1858 2123 1920 2172 et
1966 2127 2098 2172 non
2145 2104 2544 2173 uenientibus
2591 2106 2668 2173 ad
2714 2106 3112 2174 conscilium.

1301 2298 1453 2460 DJ
1499 2368 1810 2438 potestate
1859 2349 2114 2418 uolente
2159 2353 2254 2417 ire
2302 2369 2475 2419 extra
2523 2351 2760 2419 uillam.

1301 2545 1453 2709 DJ
1501 2596 1963 2665 ordinamentis
2009 2599 2146 2665 siue
2192 2597 2513 2686 consciliis
2562 2598 2760 2666 factis.

832 2805 907 2903 f·
1072 2860 1226 2907 xxn.
1300 2790 1452 2955 DJ
1483 2841 1776 2930 capitulis
1824 2790 2257 2933 exemplendis
2302 2847 2371 2912 in
2417 2864 2606 2913 carta.

1298 3031 1576 3205 Quod
1625 3089 2090 3155 constituentur
2136 3088 2264 3156 duo
2302 3088 2537 3157 sindici
2584 3091 2898 3156 comunis,

825 3286 901 3384 f·
1035 3328 1219 3389 'XXIII-
1302 3279 1453 3433 De
1499 3332 1769 3399 emenda
1816 3355 1948 3401 non
1996 3333 2298 3402 facienda.

824 3530 898 3629 f·
1011 3587 1217 3635 xx1m.
1250 3634 1257 3642 .
1296 3521 1576 3695 Quod
1620 3603 1889 3670 granum
1936 3580 2014 3648 de
2060 3579 2185 3648 fine
2232 3580 2405 3669 lequi
2450 3580 2712 3647 ducatur
2756 3581 2822 3647 in
2868 3578 3148 3647 baenniS.

823 3775 898 3873 f·
1064 3831 1216 3878 xxv·
1299 3765 1578 3941 Quod
1625 3841 1822 3885 nemo
1868 3836 1989 3885 stet
2035 3819 2102 3884 in
2149 3817 2405 3885 taberna
2451 3834 2598 3905 post
2647 3815 2938 3883 ultimam
2986 3837 3379 3903 campanam.

824 4022 897 4120 f·
1041 4054 1247 4123 XXXIX
1297 4010 1572 4187 Quod
1622 4063 1921 4131 homines
1970 4062 2354 4130 baennarum
2401 4069 2482 4130 se'
2514 4062 2722 4129 iurare
2767 4059 3036 4128 debeant
3082 4060 3159 4126 ad
3207 4018 3508 4127 inuicem.

822 4265 895 4364 f·
945 4321 1216 4369 XXXVIII·
1300 4258 1453 4414 De
1500 4309 1712 4379 eundo
1758 4308 1836 4376 ad
1883 4325 2299 4395 scarauaytaS.

819 4511 894 4609 f.
1082 4568 1212 4613 xm.

816 4754 888 4852 f.
1063 4809 1193 4857 nv

818 5000 893 5099 f·
1039 5058 1192 5105 XLVI

1294 4500 1571 4677 Quod
1620 4552 1964 4621 familiares
2010 4553 2338 4641 potestatis
2385 4574 2681 4619 accusare
2726 4573 2860 4618 non
2906 4553 3171 4639 possint.

1195 4838 1211 4855 ·
1294 4749 1450 4907 De
1500 4798 2007 4889 possessionibus
2053 4821 2172 4895 que
2221 4796 2450 4865 debent
2495 4798 2817 4885 registrari
2863 4818 2983 4885 que
3029 4814 3175 4864 sunt
3221 4798 3378 4864 citra
3423 4814 3778 4884 tanagrum.

1196 5088 1210 5102 ·
1296 4995 1449 5149 De
1497 5046 1814 5114 solutione
1861 5047 2279 5113 notariorum.

1295 5241 1447 5396 De
1493 5292 1744 5360 eodem.

1294 5486 1445 5642 I-De
1492 5537 1740 5606 eodem.
