5117 6834
395 745 547 829 235
684 830 688 834 ,

398 2821 556 2924 236

2225 325 2507 427 LIIII

778 650 1002 814 DE
1055 726 1676 811 POTESTATE
1704 725 2222 810 PONENDO
2258 726 2396 807 ET
2433 727 3399 809 CAPITULATORIBUS
3437 725 3957 808 PONENDIS

1088 885 1404 969 SUPER
1457 884 1788 966 DICTO
1844 884 2224 966 FACTO.

903 1105 1092 1306 ἐξ
1110 1206 1271 1263 ΤΕΜ
1326 1197 1688 1261 statutum
1725 1196 1839 1260 est
1892 1177 2098 1285 quod
2151 1195 2487 1284 potestas
2531 1178 2996 1258 baennarum
3052 1177 3318 1258 debeat
3360 1178 3542 1283 poni
3599 1196 3674 1258 et
3712 1178 3980 1258 intrare

795 1341 1011 1421 omni
1065 1366 1267 1420 anno
1321 1338 1665 1444 regimen
1717 1337 2119 1444 potestarie
2172 1337 2253 1417 in
2307 1336 2428 1417 die
2465 1337 2643 1417 anni
2678 1337 2884 1417 noui.
2927 1336 3208 1417 scilicet
3242 1336 3481 1442 prima
3517 1337 3638 1416 die
3676 1336 3981 1416 ianuari.

795 1517 871 1579 et
924 1524 1082 1578 non
1135 1497 1375 1602 possit
1430 1521 1769 1576 exercere
1821 1494 2107 1576 dictum
2160 1495 2502 1601 regimen
2537 1493 2728 1575 ultra
2781 1521 3083 1576 annum.
3144 1496 3246 1575 ita
3300 1493 3505 1601 quod
3560 1496 3802 1576 dictus
3853 1522 3983 1601 po-

793 1673 1024 1737 testas
1075 1672 1404 1735 mutetur
1457 1654 1671 1734 omni
1724 1680 1926 1734 anno
1981 1671 2057 1734 et
2108 1671 2427 1759 ponatur
2479 1654 2559 1734 in
2614 1653 2818 1734 dicto
2871 1653 3221 1734 termino,
3261 1653 3356 1734 Et
3394 1654 3598 1759 quod
3651 1670 3985 1759 potestas

792 1829 1131 1895 teneatur
1183 1811 1421 1892 facere
1475 1811 1659 1917 poni
1716 1809 2237 1917 capitulatores
2292 1830 2366 1892 et
2421 1811 2790 1917 sapientes
2827 1837 3042 1918 super
3077 1809 3274 1891 facto
3320 1811 3713 1914 regiminis
3767 1810 3983 1891 omni

795 1997 1023 2052 anno·
1079 1996 1210 2076 per
1263 1968 1459 2051 duos
1510 1994 1812 2050 menses
1863 1988 2035 2050 ante
2117 1968 2402 2051 dictum
2481 1970 2889 2050 terminum
2965 1970 3076 2051 sui
3148 1968 3563 2075 regiminis.
3621 1968 3723 2048 ita
3778 1966 3983 2074 quod

795 2148 968 2209 ante
1050 2127 1336 2208 dictum
1412 2095 1755 2232 regimen
1834 2127 2127 2233 possint
2206 2155 2354 2208 una
2434 2155 2608 2208 cum
2690 2126 3007 2208 domino
3090 2130 3446 2233 episcopo
3528 2126 3667 2206 sibi
3738 2126 3985 2231 provi-

795 2286 995 2368 dere.
1053 2285 1190 2394 (1)

782 2751 1005 2915 DE
1060 2829 1311 2912 IGNE
1333 2923 1340 2930 ,
1362 2829 1602 2909 NON
1655 2826 2172 2908 PONENDO
2255 2828 2362 2907 IN
2443 2826 2877 2907 BOSCHIS
2939 2826 3548 2908 SPECIALIUM
3603 2769 3958 2908 PERSOss
4086 2852 4091 2858 ·

1095 2986 1469 3070 NARUM
1521 2986 1656 3065 DE
1709 2985 2175 3065 BAENNIS.

1584 3155 1708 3323 ‚n
1749 3165 1961 3275 'ccc
2015 3195 2145 3274 1111
2199 3194 2748 3275 INDICIONE
2804 3155 2896 3277 fl.
2974 3178 3111 3288 (2)

909 3409 1098 3613 ΞΕ
1116 3518 1275 3576 'rr-:M
1330 3511 1690 3578 statutum
1746 3512 1860 3575 est
1894 3492 1991 3574 ad
2028 3493 2627 3574 conseruandum
2663 3495 2994 3576 boschos
3031 3495 3462 3601 specialium
3495 3522 3983 3601 personarum

792 3651 967 3734 finis
1020 3651 1502 3732 baennarum.
1587 3650 1792 3757 quod
1875 3650 2184 3757 quilibet
2261 3652 2505 3732 homo
2591 3652 2897 3733 baennis
2957 3619 3300 3733 habitans
3351 3652 3473 3734 uel
3527 3651 3986 3735 habitaturus

795 3811 1016 3892 etatis
1066 3835 1438 3890 annorum
1491 3836 1648 3924 m
1700 3809 1825 3890 uel
1880 3836 2097 3916 supra
2148 3827 2487 3889 teneatur
2567 3828 2643 3890 et
2723 3808 2991 3891 debeat
3051 3810 3288 3891 iurare
3344 3838 3576 3916 quum
3631 3812 3983 3892 iurabitur

798 3967 1178 4074 sequelam
1230 3967 1587 4074 potestati
1639 3993 1799 4048 non
1849 3993 2130 4073 ponere
2166 3967 2431 4071 ignem
2464 3967 2542 4047 in
2579 3966 2831 4073 aliquo
2868 3967 3158 4048 boscho
3213 3968 3511 4074 speciali
3562 3968 3735 4049 finis
3773 3969 3990 4049 baen-

796 4153 1062 4208 narum
1115 4152 1254 4207 nec
1306 4126 1492 4231 poni
1528 4124 1765 4206 facere
1801 4151 1940 4206 nec
1978 4090 2399 4229 consentire
2436 4123 2642 4229 quod
2678 4143 2997 4230 ponatur
3031 4126 3236 4231 ignis
3289 4126 3367 4206 in
3403 4125 3622 4207 dictis
3656 4127 3982 4210 boschis.

798 4303 875 4366 et
925 4310 1266 4365 accusare
1321 4282 1731 4389 quamlibet
1781 4308 2181 4389 personam
2236 4280 2892 4364 contrafacientem
2975 4309 3108 4364 seu
3176 4302 3591 4389 ponentem
3648 4310 3779 4365 seu
3837 4311 3980 4391 que

797 4443 1172 4549 possuerit
1225 4442 1488 4547 ignem
1544 4442 1622 4523 in
1677 4441 1896 4522 dictis
1976 4440 2281 4521 boschis
2360 4439 2630 4521 alicubi
2710 4441 2953 4522 modo
3014 4440 3268 4547 aliquo
3321 4441 3443 4522 uel
3499 4442 3836 4547 ingenio,
3892 4442 3989 4524 Et

804 4600 1241 4706 extinguere
1280 4627 1420 4681 suo
1456 4625 1679 4706 posse
1742 4599 2004 4705 ignem
2064 4599 2398 4705 positum
2452 4599 2530 4679 in
2583 4598 2804 4680 dictis
2882 4597 3206 4680 boschis.
3274 4599 3370 4679 Et
3421 4599 3527 4679 ire
3590 4598 3684 4680 ad
3741 4601 3989 4681 extin-

801 4756 1189 4863 guendum
1242 4756 1528 4838 dictum
1581 4757 1845 4862 ignem
1901 4757 1963 4836 si
2018 4755 2235 4838 fuerit
2299 4757 2377 4837 in
2435 4774 2769 4837 contrata
2841 4756 3043 4863 ignis
3112 4755 3446 4863 predicti.
3522 4756 3618 4837 Et
3685 4757 3749 4838 si
3821 4758 3988 4863 quis

808 4916 1085 5021 ceperit
1138 4915 1259 4996 uel
1312 4915 1651 4996 habuerit
1703 4915 2031 5020 aliquem
2087 4941 2589 5019 masnengum
2626 4914 2762 5023 (3)
2799 4932 3234 5032 estraneum
3268 4932 3605 4994 teneatur
3640 4911 3823 4994 insta
3857 4940 3991 4996 vm

804 5071 968 5154 dies
1018 5091 1420 5179 postquam
1473 5073 1720 5179 ipsum
1777 5074 2053 5179 ceperit
2104 5071 2341 5154 facere
2395 5073 2632 5153 iurare
2687 5073 2766 5152 in
2819 5072 3165 5153 manibus
3229 5072 3623 5179 potestatis
3674 5069 3798 5151 uel
3852 5097 4025 5151 no-v

806 5230 972 5312 tarii
1025 5231 1224 5311 curie
1278 5231 1673 5312 obseruare
1725 5232 2053 5336 predicta
2108 5230 2243 5311 sub
2296 5257 2488 5336 pena
2543 5229 2960 5312 solidorum
3012 5256 3065 5311 11
3118 5256 3255 5335 pro
3291 5228 3496 5310 dicto
3532 5229 3978 5309 iuramento,
4040 5303 4046 5307 .

803 5388 899 5470 Et
951 5388 1487 5470 nichilominus
1540 5367 1827 5470 dictum
1882 5389 2382 5470 iuramentum
2459 5387 2623 5470 fieri
2702 5387 2938 5469 facere
3010 5405 3369 5467 teneatur.
3425 5387 3522 5468 Et
3573 5384 3721 5467 hoc
3779 5384 3990 5466 idem

801 5545 1277 5653 intelligatur
1330 5547 1426 5630 de
1480 5546 1783 5630 boschis
1835 5547 2128 5629 domini
2182 5548 2511 5654 episcopi
2566 5546 2726 5655 (4).
