5117 6834
1082 590 1217 669 sub
1254 614 1445 692 pena
1483 584 1900 666 solidorum
1938 610 2014 663 111
2052 610 2187 687 pro
2227 580 2553 687 qualibet
2608 606 2927 686 persona
2981 579 3291 683 quocies
3345 596 3604 693 contra
3657 575 3935 657 fecerit.
3978 599 4055 659 et
4101 598 4295 662 stan-

1086 748 1401 826 ciatores
1429 761 1816 824 teneantur
1844 743 2265 823 iuramento
2292 765 2659 820 recercare
2689 739 2900 818 omni
2932 737 3323 819 edomada.
3359 737 3591 818 semel
3620 738 3713 817 ad
3743 732 3994 818 minus
4023 766 4296 821 omnes

1085 904 1330 1008 pintas
1365 902 1500 1009 (6)
1558 920 1631 981 et
1685 927 1957 1005 panem
2012 898 2289 981 factum
2343 896 2435 977 ad
2491 896 2976 977 uendendum
3013 915 3285 977 totum.
3329 923 3502 976 cum
3539 896 3793 1001 aliquo
3832 898 4114 978 nuncio
4152 925 4296 1003 po-

1086 1062 1396 1142 testatis,
1455 1061 1550 1140 Et
1604 1086 1942 1140 accusare
1981 1084 2255 1139 omnes
2299 1083 2657 1163 personas
2708 1082 2852 1162 que
2907 1056 3260 1136 iniustam
3313 1056 3602 1161 pintam
3654 1055 3777 1136 uel
3833 1083 4292 1138 mensuram.

1087 1219 1209 1299 uel
1264 1246 1536 1324 panem
1592 1218 1907 1297 minoris
1958 1215 2314 1322 ponderis
2367 1213 2759 1295 habuerint
2813 1212 2935 1294 uel
2974 1212 3334 1293 dederint.
3376 1215 3470 1293 Et
3507 1213 4043 1315 nichilominus
4087 1234 4297 1297 totus

1090 1377 1301 1482 panis
1355 1377 1481 1481 qui
1535 1393 1866 1480 repertus
1920 1373 2136 1453 fuerit
2191 1373 2505 1453 minoris
2558 1371 2936 1477 ponderis
3011 1370 3343 1475 pondere
3401 1372 3509 1451 eis
3562 1371 3743 1452 dato
3797 1399 3927 1478 per
3983 1373 4295 1454 stancia-

1089 1555 1294 1615 tores
1348 1533 1689 1638 perdatur
1745 1551 1818 1612 et
1870 1532 2251 1636 perueniat
2305 1530 2615 1611 dimidia
2667 1531 3046 1635 potestati.
3088 1548 3164 1610 et
3199 1530 3478 1636 reliqua
3535 1530 3847 1611 dimidia
3906 1533 4300 1611 stanciato·

1095 1691 1319 1772 ribus,
1376 1688 1470 1770 Et
1526 1689 1727 1795 quod
1784 1668 1995 1769 totus
2045 1690 2256 1794 panis
2309 1688 2435 1795 qui
2503 1687 2635 1769 fiet
2705 1687 2797 1767 ad
2871 1686 3353 1768 uendendum
3410 1687 3677 1767 debeat
3709 1689 4012 1793 signari
4071 1717 4113 1768 a
4168 1687 4300 1768 bo-

1094 1850 1502 1954 lengheriis
1558 1850 1781 1953 signo
1857 1834 1964 1927 eis
2032 1847 2211 1927 dato
2282 1876 2324 1927 a
2402 1846 2993 1927 stanciatoribus.
3069 1866 3143 1927 et
3196 1847 3256 1927 si
3313 1874 3456 1951 qua
3510 1870 3826 1951 persona
3880 1847 4338 1928 uendiderit.

1093 2035 1367 2113 panem
1425 2034 1582 2087 non
1638 2008 2019 2110 signatum
2077 2007 2331 2110 signo-
2355 2005 2690 2110 predicto
2746 2004 2990 2084 soluat
3044 2032 3180 2109 pro
3233 2032 3424 2110 pena
3494 2005 3824 2110 qualibet
3894 2005 4058 2085 uice
4116 2005 4301 2085 soli-

1095 2167 1237 2246 dos
1294 2190 1371 2246 111
1428 2184 1501 2244 et
1554 2166 1846 2244 amittat
1900 2164 2183 2244 dictum
2220 2236 2223 2239 .
2256 2190 2550 2268 panem.
2608 2163 2703 2243 Et
2758 2161 3083 2268 quelibet
3154 2190 3469 2268 persona
3533 2166 3773 2268 possit
3845 2164 4021 2244 inde
4093 2191 4302 2244 accu-

1097 2350 1279 2404 sare.
1340 2342 1413 2403 et
1470 2325 1536 2403 ei
1596 2324 2013 2402 iuramento
2071 2321 2406 2402 credatur
2462 2342 2534 2403 et
2590 2322 2857 2402 habeat
2909 2324 3206 2402 tertiam
3264 2340 3548 2428 partem
3603 2321 3852 2402 banni.

716 2704 851 2779 141
1081 2574 1485 2781 QJOD
1540 2658 1885 2739 UINUM
1937 2656 2510 2739 UENDATUR
2564 2658 2709 2737 AD
2765 2656 3195 2739 PINTAM.

730 5094 870 5169 142

1318 2957 1379 3064 ἐἴη
1419 3008 1575 3062 TEM
1631 2978 1991 3060 statutum
2067 3000 2139 3059 et
2209 2980 2636 3060 ordinatum
2693 3001 2806 3061 est
2861 2982 3064 3086 quod
3122 2983 3198 3062 in
3255 2981 3564 3063 baennis
3617 2983 3882 3062 uinum
3938 2983 4305 3063 uendatur

1094 3139 1195 3220 ‘ad
1252 3140 1539 3245 pintam
1595 3138 1687 3219 ad
1744 3165 1969 3242 quam
2024 3137 2370 3218 uenditur
2424 3139 2502 3218 in
2557 3158 2694 3218 ast.
2752 3138 2870 3255 uel
2928 3139 3005 3218 in
3060 3137 3459 3220 clarascho.
3518 3109 3618 3220 ita
3674 3142 3877 3244 quod
3933 3141 4140 3246 pinta
4207 3142 4305 3221 sit

1104 3316 1310 3378 tanta
1368 3298 1523 3376 siue
1580 3297 1680 3377 ita
1735 3324 2012 3400 magna
2068 3260 2257 3376 sicut
2313 3315 2425 3377 est
2478 3296 2681 3401 pinta
2719 3297 3035 3378 astensis
3068 3295 3192 3377 uel
3239 3297 3786 3381 claraschensiS.
3843 3300 3938 3379 Et
3992 3299 4304 3405 quilibet

1106 3456 1201 3536 de
1258 3455 1583 3535 baennis‘
1637 3454 1875 3560 possit
1939 3453 2260 3534 uendere
2333 3455 2618 3558 pintam
2689 3455 2844 3534 uini
2916 3474 3278 3560 quantum
3352 3455 3692 3537 uoluerit.
3750 3457 3846 3536 Et
3899 3476 4302 3564 postquam

1108 3613 1369 3693 cridari
1442 3611 1692 3692 fecerit
1763 3613 2025 3691 uinum
2102 3612 2258 3691 siue
2332 3613 2618 3716 pintam
2690 3640 2826 3717 pro
2899 3632 3104 3693 certo
3172 3615 3434 3718 pretio,
3509 3642 3645 3720 pro
3702 3614 3975 3696 eodem
4032 3616 4296 3721 preti0.

1048 3786 1053 3791 ’
1107 3797 1493 3875 quousque
1557 3770 1818 3849 uinum
1886 3768 2274 3850 uenditum
2341 3767 2579 3850 fuerit.
2646 3771 2932 3876 pintam
2997 3771 3316 3852 uendere
3389 3774 3745 3853 tenea'tur.
3823 3793 3898 3854 et
3963 3793 4304 3855 teneatur

1108 3954 1538 4009 mensurare
1593 3927 2051 4008 tabernarius
2104 3926 2196 4007 ad
2253 3929 2540 4033 pintam
2596 3929 2716 4010 uel
2773 3943 3198 4035 mensuram
3254 3932 3481 4035 partis
3533 3932 3739 4037 pinte
3796 3932 4097 4013 cuilibet
4149 3961 4305 4039 per·

1111 4112 1319 4169 sone.
1380 4064 1515 4167 sub
1569 4114 1757 4192 pena
1815 4086 2234 4168 solidorum
2287 4114 2387 4167 111.
2445 4114 2582 4192 pro
2636 4086 2962 4194 qualibet
3017 4090 3202 4169 uice.
3260 4090 3355 4169 Et
3411 4080 3882 4171 stantiatores
3955 4092 4303 4172 comunis

1109 4246 1426 4327 habeant
1481 4246 1757 4328 dictam
1812 4247 2121 4351 pintam.
2162 4265 2236 4326 et
2271 4246 2510 4351 ipsam
2565 4248 2849 4351 pintam
2905 4246 3122 4327 dictis
3177 4247 3605 4329 tabernariis
3660 4248 3831 4329 dare
3887 4225 4300 4338 teneantur.

1110 4405 1204 4484 Et
1258 4404 1404 4483 hoc
1461 4403 1865 4509 capitulum
1918 4403 2172 4483 locum
2228 4402 2494 4484 habeat
2549 4405 2627 4484 in
2682 4403 2828 4484 illis
2863 4405 3204 4510 personis
3239 4433 3382 4510 que
3421 4405 3755 4487 uendunt
3791 4407 3884 4487 ad
3924 4409 4303 4489 minutum

1110 4561 1203 4642 de
1258 4562 1559 4666 proprio
1639 4562 1846 4643 uino.
1933 4581 2007 4642 et
2089 4589 2245 4642 non
2328 4561 2422 4642 de
2504 4561 2668 4643 aliis
2722 4563 2797 4642 in
2857 4590 2952 4644 eo
3007 4564 3210 4667 quod
3274 4566 3567 4670 possint
3637 4566 3960 4647 uendere
4015 4568 4302 4672 pintam

1114 4737 1476 4824 quantum
1531 4718 1929 4799 uoluerint.

1093 4983 1314 5149 DE
1368 5065 1758 5146 EODEM.

1235 5343 1585 5470 ’ἔτεμε
1640 5401 1995 5464 statutum
2035 5401 2146 5465 est
2201 5383 2405 5486 quod
2460 5382 2705 5488 aliqua
2756 5411 3075 5489 persona
3155 5412 3299 5491 que
3381 5384 3799 5467 uendiderit
3882 5386 4142 5466 uinum
4206 5386 4300 5467 ad

1111 5541 1487 5641 minutum
1542 5541 1616 5620 in
1674 5542 1980 5622 baennis
2036 5568 2191 5621 non
2246 5542 2484 5646 possit
2538 5541 2861 5622 uendere
2918 5544 3162 5647 ipsum
3217 5545 3480 5624 uinum
3536 5543 3628 5624 ad
3695 5544 4072 5624 minutum
4155 5543 4301 5625 nisi
