5117 6834
279 2864 430 2942 317

280 4624 436 4728 318

2014 346 2453 452 LXXVI

734 686 845 776 ,ξ
882 694 908 773 T<
976 656 1082 725 ec
1156 642 1376 725 sunt
1449 590 1856 758 capitula
1929 654 2118 758 que
2188 616 2425 722 facta
2495 615 2876 722 fuerunt
2963 650 3132 755 per
3222 612 3856 754 infrascriptos

653 771 683 906 Ῐ
730 848 834 903 κ
977 810 1662 952 capitulatoreS.
1742 808 2201 916 uidelicet.
2280 810 2682 914 Minum
2719 809 3173 948 nigrum.
3294 805 3862 914 Nicoletum

679 1006 1070 1149 gallum.
1152 1004 1682 1112 conradum
1758 1028 2150 1145 spatam.
2230 1007 2291 1120 J
2296 1003 2783 1110 ohannem
2883 1000 3425 1108 bealetium.
3539 1002 3857 1107 Geor-

675 1203 946 1340 gium
1021 1197 1562 1339 giraudum.
1640 1200 1701 1313 J
1705 1196 2120 1303 acobum
2192 1198 2819 1337 prepositum.
2898 1193 3573 1300 Gulliermum
3665 1230 3857 1299 car-

676 1390 1053 1499 naliam.
1141 1415 1521 1532 petrum
1596 1389 2072 1531 vaylaum.
2154 1413 2535 1530 petrum
2609 1387 3381 1528 bergognonum.
3498 1392 3557 1503 J
3563 1387 3855 1494 ohan-

680 1608 1028 1691 notum
1102 1582 1686 1724 goselmum.
1768 1584 2264 1690 Andream
2316 1583 2435 1689 de
2484 1570 2810 1688 meno,
2846 1606 3228 1723 petrum
3267 1582 3385 1689 de
3421 1579 3847 1688 nouello.

680 1803 770 1885 et
843 1804 1223 1917 petrum
1297 1779 1995 1918 portonerium.
2109 1802 2549 1917 tempore
2659 1777 3145 1916 regiminis
3253 1775 3627 1882 domini
3702 1775 3858 1887 Ri-

679 1971 1025 2078 chelmi
1099 1971 1219 2077 de
1293 1970 1809 2081 Richelmis
1859 1971 2344 2111 potestatis
2422 1978 3037 2077 baennarum.
3153 2006 3408 2075 anno
3483 1967 3857 2074 domini

680 2161 1198 2269 millesimo
1273 2200 1699 2270 cccxxvn
1749 2162 2223 2270 indicione
2296 2201 2354 2267 x
2427 2161 2546 2268 de
2622 2198 2955 2268 mense
3029 2160 3587 2267 decembris,

644 2771 1051 2980 QJoo
1104 2851 1545 2937 NoTARn
1596 2853 1734 2936 ET
1786 2853 2155 2937 erD1c1
2217 2829 2341 2937 (1)
2367 2855 2671 2940 cmm:
2724 2854 2966 2939 NoN
3016 2854 3504 2941 DEBEANT
3557 2856 3817 2941 COM-

963 3010 1421 3094 MITTERE
1474 3011 1967 3095 FRAUDEM
2019 3013 2132 3095 IN
2184 3012 2557 3098 BoRUM
2612 3012 3057 3097 omens,

771 3226 960 3431 ΞΕ
995 3326 1154 3381 TEM
1210 3319 1568 3381 statutum
1624 3318 1736 3381 est
1791 3303 1996 3407 quod
2037 3302 2097 3383 si
2152 3255 2318 3408 duis
2373 3302 2708 3383 notarius
2761 3301 2884 3383 uel
2939 3301 3298 3391 clauarius
3378 3302 3576 3383 curie
3631 3301 3862 3384 baen-

679 3485 938 3539 narum
996 3460 1457 3540 commiserit
1512 3459 1843 3541 fraudem
1897 3461 1976 3541 in
2033 3462 2192 3542 eius
2246 3460 2505 3543 officio
2560 3460 2682 3542 uel
2736 3461 3197 3543 consenserit
3233 3461 3438 3567 quod
3492 3459 3686 3542 fraus
3740 3488 3861 3543 co-

677 3617 1010 3696 mittatur
1064 3618 1139 3696 in
1197 3617 1391 3697 dicta
1445 3618 1664 3698 curia.
1722 3617 2071 3700 uidelicet
2108 3619 2312 3725 quod
2372 3621 2612 3701 banna
2665 3647 2809 3726 que
2865 3620 3428 3702 comitterentur
3482 3637 3558 3701 et
3608 3646 3863 3727 perue-

679 3776 921 3855 nirent
974 3775 1068 3855 ad
1124 3775 1399 3856 dictam
1455 3777 1733 3856 curiam
1788 3804 1945 3857 non
1998 3778 2467 3884 peruenirent
2523 3779 2876 3860 omnibus
2913 3777 3058 3859 illis
3094 3779 3220 3885 qui
3265 3778 3539 3860 habent
3572 3797 3858 3885 partem

677 3933 755 4013 in
815 3933 1074 4014 bannis
1129 3931 1372 4014 soluat
1423 3960 1560 4039 pro
1613 3960 1804 4039 pena
1862 3952 1937 4015 et
1995 3936 2242 4015 banno
2279 3936 2587 4041 quocies
2624 3934 3134 4017 contrafecerit
3172 3935 3391 4017 libras
3427 3964 3499 4016 x.
3540 3954 3615 4016 et
3651 3937 3855 4042 quod

677 4116 832 4169 non
888 4091 1124 4194 possit
1179 4108 1438 4195 postea
1490 4089 1758 4171 habere
1815 4090 2151 4172 officium
2207 4093 2494 4172 notarie
2549 4091 2672 4172 uel
2726 4091 3039 4179 clauarie
3096 4094 3173 4174 in
3226 4093 3381 4175 uita
3436 4120 3589 4174 sua.

646 4558 1053 4767 QJOD
1109 4641 1623 4740 QUELIBET
1675 4640 2155 4726 PERSONA
2208 4642 2428 4741 QUE
2461 4642 2851 4728 EMERIT
2883 4642 3377 4746 ALIQUAM
3428 4646 3648 4732 REM
3680 4648 3819 4732 AB

960 4800 1361 4899 ALIQUA
1411 4798 1891 4884 PERSONA
1945 4800 2355 4883 DEBEAT
2432 4800 2898 4889 SOLUERE
2977 4806 3436 4891 PRETIUM
3505 4806 3617 4890 IN
3669 4806 3819 4889 PE-

960 4958 1283 5041 CUNIA
1338 4958 1944 5042 NUMERATA.

774 5174 962 5377 ΞΕ
995 5278 1152 5332 TEM
1209 5269 1567 5330 statutum
1607 5269 1717 5331 est
1753 5251 1958 5357 quod
2007 5252 2068 5331 si
2105 5251 2347 5357 aliqua
2401 5278 2720 5358 persona
2786 5254 3049 5333 emerit
3100 5253 3423 5358 aliquam
3478 5279 3637 5334 rem
3694 5280 3854 5336 mo-

678 5410 906 5491 bilem
964 5409 1081 5490 uel
1141 5406 1615 5490 immobilem
1668 5410 1760 5489 ab
1815 5407 2058 5514 aliqua
2113 5406 2253 5488 alia
2306 5434 2626 5515 persona
2682 5410 2758 5489 in
2811 5408 2988 5490 uilla
3041 5409 3519 5494 baennarum.
3599 5410 3721 5493 uel
3777 5413 3854 5494 in

679 5594 925 5673 posse.
983 5586 1321 5648 teneatur
1376 5565 1571 5646 dicta
1624 5592 1942 5671 persona
1997 5592 2257 5647 emens
2312 5592 2442 5645 seu
2498 5591 2641 5670 que
2698 5566 2961 5646 emerit
3016 5564 3292 5647 dictam
3348 5594 3509 5648 rem
3564 5567 3855 5651 soluere
