5117 6834
803 730 946 833 187

809 3622 957 3701 188

810 4939 953 5038 189

1185 639 1409 805 DE
1468 717 1707 800 NON
1760 715 2316 799 LIGNANDIS
2386 714 2500 798 IN
2500 710 3159 798 STRUMENTIS
3229 709 3614 794 BOUUM
3681 705 4149 793 PERSONE
4203 707 4370 788 EX-

1500 874 1917 960 TRANEE
1970 874 2082 957 IN
2138 873 2603 957 BAENNIS.
3528 868 3534 874 ’

1321 1199 1388 1276 1‘5
1417 1165 1474 1285 ’ξι
1508 1221 1667 1277 TEM
1736 1213 2096 1275 statutum
2181 1212 2294 1274 est
2364 1195 2570 1299 quod
2656 1194 2902 1300 aliqua
2976 1221 3296 1301 persona
3369 1194 3463 1275 de
3538 1195 3847 1277 baennis
3920 1222 4078 1275 non
4145 1196 4388 1301 possit

1188 1380 1325 1434 nec
1355 1353 1620 1433 debeat
1648 1379 1952 1433 cauzare
1982 1351 2117 1460 (2)
2146 1378 2283 1433 nec
2313 1351 2547 1432 facere
2589 1379 2719 1433 seu
2756 1352 3167 1458 lignamare
3205 1352 3530 1457 aliquem
3569 1379 3864 1433 currum
3903 1379 4033 1433 seu
4070 1344 4387 1459 plouum

1147 1498 1412 1593 ¹alicui
1450 1537 1769 1617 persone
1827 1527 2173 1590 extranee
2231 1513 2366 1590 sub
2419 1538 2612 1615 pena
2668 1509 3086 1591 solidorum
3142 1538 3245 1591 xx
3298 1538 3437 1616 pro
3493 1510 3818 1616 qualibet
3871 1512 4034 1590 uice
4080 1512 4390 1616 quocies

1192 1668 1729 1751 contrafecerit.
1788 1689 1862 1750 et
1918 1667 2244 1774 quelibet
2297 1695 2618 1774 persona
2674 1696 2817 1774 que
2873 1668 3291 1750 uendiderit
3329 1696 3459 1749 seu
3497 1661 3784 1750 dederit
3840 1669 4079 1750 modo
4134 1668 4387 1775 aliquo

1194 1826 1636 1932 gambozias
1690 1826 1826 1934 (3)
1880 1825 2099 1907 alicui
2152 1853 2470 1932 persone
2554 1824 2924 1907 extranee.
3002 1826 3120 1907 uel
3176 1827 3418 1932 aliqua
3473 1826 3614 1907 alia
3667 1826 4081 1932 lignamina
4136 1854 4391 1908 currus

1193 1984 1314 2065 uel
1368 1985 1600 2091 ploui.
1661 1984 1907 2065 soluat
1961 2012 2099 2090 pro
2154 2011 2346 2089 pena
2400 1985 2709 2090 quocies
2762 1982 3043 2065 fecerit.
3095 2012 3233 2090 pro
3288 1985 3613 2090 qualibet
3650 1985 4053 2089 gambozia
4110 2005 4183 2066 et
4238 1984 4387 2066 alio

1202 2142 1617 2249 lignamine
1673 2143 2067 2224 materiato
2124 2142 2452 2224 solidum
2507 2171 2556 2223 1.
2640 2143 2736 2223 Et
2817 2142 3145 2248 quelibet
3226 2169 3545 2248 persona
3595 2144 3837 2249 possit
3891 2169 4256 2223 accusare.
4317 2162 4393 2224 et

1196 2304 1534 2383 credatur
1588 2304 2038 2383 accusationi
2098 2329 2227 2383 sue
2284 2303 2728 2383 iuramento.
2788 2322 2862 2383 et
2915 2303 3182 2383 habeat
3235 2303 3533 2383 tertiam
3586 2322 3873 2409 partem
3909 2302 4135 2383 banni
4164 2322 4240 2383 et
4274 2321 4392 2383 te-

1195 2481 1451 2544 neatur
1505 2462 1806 2566 priuata.
1848 2461 1892 2500 ἥ

1947 2480 2021 2541 et
2076 2461 2136 2541 si
2193 2460 2433 2566 aliqua
2487 2487 2807 2566 persona
2864 2463 3263 2542 extraxerit
3317 2460 3412 2541 de
3465 2487 3689 2566 posse
3745 2460 4201 2542 baennarum
4258 2489 4390 2543 seu

1193 2618 1612 2700 uendiderit
1665 2619 2062 2723 prestiterit
2118 2645 2249 2699 seu
2305 2617 2593 2699 dederit
2673 2617 2794 2698 uel
2878 2618 3308 2699 alienauerit
3389 2617 3607 2698 alicui
3662 2644 3982 2724 persone
4038 2639 4391 2700 extranee

1195 2776 1499 2882 aliquod
1556 2803 1853 2856 currum
1906 2775 2025 2855 uel
2100 2775 2402 2881 aliquod
2479 2777 3065 2856 instrumentum
3120 2777 3407 2857 bouum
3464 2776 3710 2857 soluat
3764 2804 3903 2881 pro
3957 2804 4149 2882 pena
4207 2777 4392 2857 soli-

1195 2935 1337 3016 dos
1390 2962 1490 3016 Lx
1546 2954 1876 3015 astenses
1956 2934 2261 3039 quocies
2341 2933 2876 3015 contrafecerit.
2936 2951 3010 3014 et
3064 2952 3395 3039 potestas
3473 2935 3712 3040 possit
3767 2935 3941 3015 inde
3999 2936 4389 3040 inquirere.

1197 3112 1272 3173 et
1327 3091 1655 3197 quelibet
1708 3119 2026 3198 persona
2080 3093 2320 3198 possit
2376 3092 2548 3172 inde
2603 3119 2966 3172 accusare.
3027 3111 3102 3172 et
3157 3093 3224 3172 ei
3279 3091 3615 3173 credatur
3671 3093 4117 3173 iuramento,
4159 3112 4232 3173 et
4270 3091 4397 3173 ha·

1197 3250 1366 3331 beat
1421 3251 1718 3331 tertiam
1775 3269 2066 3356 partem
2124 3247 2346 3330 banni
2405 3267 2478 3329 et
2533 3268 2872 3330 teneatur
2924 3250 3229 3355 priuata.
3285 3250 3329 3290 '⁶
3383 3250 3519 3357 (4)

1194 3523 1597 3731 QOD
1652 3602 2000 3685 BESTIE
2037 3601 2271 3683 NON
2308 3598 2774 3680 INTRENT
2809 3596 3271 3680 AYRALIA
3307 3593 3691 3676 ALIENA
3729 3590 3929 3674 UEL
3965 3590 4372 3674 ORTUM.

1427 3887 1492 4012 ἓξ
1519 3961 1676 4016 TEM
1733 3953 2093 4015 statutum
2150 3953 2262 4015 est
2317 3936 2520 4040 quod
2580 3936 2641 4016 si
2695 3935 2937 4041 aliqua
2972 3935 3208 4017 bestia
3244 3936 3547 4017 inuenta
3585 3935 3800 4017 fuerit
3854 3937 3932 4016 in
3986 3936 4236 4018 alieno
4273 3965 4399 4041 ay·

1198 4093 1327 4174 rali
1389 4094 1840 4198 ubicumque
1896 4095 1991 4175 sit
2047 4094 2124 4173 in
2178 4092 2329 4173 fine
2385 4093 2840 4174 baennarum
2896 4093 3231 4175 clausum
3285 4093 3406 4174 uel
3460 4094 3539 4174 in
3594 4093 3841 4174 alieno
3897 4113 4069 4175 orto
4125 4096 4253 4200 qui
4300 4096 4398 4175 sit

1198 4255 1387 4333 intra
1458 4252 1742 4333 uillam.
1799 4252 1919 4332 uel
1984 4251 2255 4356 ayralia
2319 4251 2773 4332 baennarum
2837 4270 3350 4357 competenter
3414 4251 3682 4332 clausa.
3752 4251 3996 4333 soluat
4060 4254 4394 4334 bannum

1201 4429 1560 4515 quantum
1620 4408 1946 4491 solueret
2002 4438 2093 4489 ex
2148 4407 2390 4490 forma
2446 4408 2744 4515 capituli
2801 4408 2969 4490 facti
3026 4409 3121 4490 de
3175 4408 3436 4490 alienis
3491 4410 3859 4515 dampnis,
3936 4429 4012 4490 et
4066 4409 4396 4515 quelibet

1197 4594 1517 4673 persona
1570 4569 1809 4673 possit
1863 4595 2203 4649 accusare
2260 4568 2681 4648 iuramento
2738 4586 2814 4648 et
2868 4569 3202 4649 credatur
3258 4568 3350 4649 ei.

1132 4892 1135 4899 ’
1197 4841 1601 5049 Qou
1657 4919 2001 5002 UINUM
2055 4884 2293 4999 NoN
2347 4915 2698 4998 DETUR
2754 4912 3294 4997 FERRARIIS.

1390 5252 1391 5259 ‘
1452 5260 1483 5303 ³·
1516 5281 1672 5336 TEM
1710 5273 2068 5335 statutum
2109 5272 2220 5334 est
2267 5253 2471 5360 quod
2520 5251 2723 5333 nulla
2775 5279 3092 5358 persona
3146 5254 3387 5359 possit
3442 5251 3563 5334 uel
3618 5253 3882 5335 debeat
3936 5251 4095 5333 ullo
4150 5252 4391 5334 modo

1197 5412 1316 5494 uel
1373 5413 1685 5518 ingenio
1740 5412 1912 5493 dare
1995 5411 2298 5517 aliquod
2380 5412 2642 5492 uinum
2727 5411 3040 5492 ferrariis
3093 5413 3570 5492 baennarum.
3628 5409 3751 5492 uel
3805 5410 3968 5492 aliis
4020 5438 4158 5517 pro
4212 5411 4394 5517 ipsis

1199 5598 1336 5652 nec
1391 5569 1668 5677 aliquid
1723 5569 1924 5650 aliud
1980 5569 2154 5652 loco
2211 5570 2386 5651 uini.
2443 5570 2586 5650 nisi
2641 5569 2962 5650 loerium
3017 5587 3462 5652 consuetum
3518 5570 3915 5651 occasione
3952 5571 4262 5652 alicuius
4295 5567 4394 5650 fa·
