5117 6834
2204 335 2353 436 VI

349 742 450 818 26
699 654 921 819 DE
974 735 1215 815 NON
1269 733 1758 813 PETENDO
1813 732 2207 812 DONUM
2260 732 2370 812 IN
2427 731 2924 812 ECCLESIA.

828 948 1016 1150 Q
1052 1076 1206 1131 TEM
1263 1070 1619 1131 statutum
1685 1071 1797 1132 est
1853 1052 2055 1157 quod
2123 1014 2192 1132 si*
2238 1051 2501 1156 aliquis
2564 1052 2854 1157 petierit
2916 1051 3216 1156 aliquod
3284 1052 3571 1133 donum
3645 1053 3722 1131 in
3787 1080 3897 1132 ec·

723 1209 944 1289 clesia
987 1209 1437 1289 baennarum
1496 1184 1738 1290 soluat
1791 1237 1927 1314 pro
1980 1237 2171 1315 pena
2229 1209 2515 1290 solidos
2570 1235 2621 1288 v
2677 1211 2896 1290 curie.
2957 1229 3030 1289 et
3083 1208 3287 1315 quod
3334 1209 3583 1290 nullus
3637 1210 3901 1290 debeat

615 1347 625 1357 ’
719 1394 999 1472 ponere
1055 1394 1172 1447 res
1226 1365 1505 1471 aliquas
1561 1366 2051 1471 impedientes
2111 1366 2387 1447 dictam
2453 1366 2839 1448 ecclesiam
2897 1370 2973 1447 in
3027 1369 3184 1472 ipsa
3239 1367 3568 1449 ecclesia.
3644 1387 3717 1448 et
3772 1370 3897 1472 qui
3929 1430 3956 1450 .

723 1542 981 1604 contra
1043 1523 1293 1604 fecerit
1360 1524 1601 1604 soluat
1664 1552 1800 1629 pro
1864 1551 2053 1629 pena
2118 1524 2403 1604 solidos
2458 1552 2510 1604 x
2574 1526 3220 1630 quocienscunque
3285 1525 3557 1606 fecerit.
3617 1544 3690 1605 et
3753 1525 3898 1605 hoc

723 1708 882 1761 non
938 1682 1174 1786 possit
1229 1684 1598 1762 remoueri
1654 1681 1903 1786 aliquo
1960 1681 2220 1762 mod0.
2280 1701 2354 1761 et
2407 1700 2739 1786 potestas
2784 1701 3117 1762 teneatur
3171 1682 3404 1767 facere
3463 1682 3837 1788 expediri:

352 2150 448 2229 27
701 2034 1104 2240 QJOD
1159 2118 1568 2214 ALIQUIS
1625 2119 1860 2199 NON
1918 2118 2282 2199 PONAT
2339 2118 2749 2239 BESTIAS
2800 2119 3357 2202 MORBOSAS
3410 2122 3521 2203 IN
3573 2122 3876 2203 UILLA

1017 2275 1236 2356 SIUE
1290 2275 1821 2357 MORTUAS.

833 2488 1022 2689 Q
1050 2626 1209 2683 ΤΕΜ
1264 2621 1620 2682 statutum
1678 2620 1788 2681 est
1843 2601 2046 2706 quod
2103 2600 2343 2705 aliqua
2397 2627 2712 2705 persona
2767 2628 2921 2680 non
2978 2620 3205 2706 ponat
3268 2601 3508 2706 aliqua
3562 2601 3905 2696 animalia

722 2779 1018 2840 mortua
1058 2760 1134 2838 in
1171 2758 1344 2839 uilla
1403 2759 1851 2838 baennarum
1907 2785 2043 2838 nec
2101 2759 2176 2842 in
2233 2760 2528 2839 lossatis
2583 2757 2756 2838 uille
2812 2757 3264 2838 baennarum
3319 2759 3519 2839 iuxta
3573 2761 3732 2840 uias
3766 2786 3902 2840 nec

724 2918 925 2997 iuxta
978 2916 1248 3020 ayralia
1312 2934 1384 2995 et
1448 2917 1573 3020 qui
1629 2934 1883 2995 contra
1938 2914 2187 2996 fecerit
2254 2914 2494 2995 soluat
2556 2942 2693 3021 pro
2749 2942 2937 3020 pena
2994 2915 3278 2996 solidos
3333 2943 3386 2997 x
3451 2936 3527 2996 et
3580 2916 3902 3021 quelibet

722 3100 1035 3178 persona
1090 3074 1326 3178 possit
1384 3072 1554 3152 inde
1610 3098 1971 3151 accusare.
2031 3091 2105 3151 et
2160 3074 2227 3152 ei
2276 3075 2694 3152 iuramento
2752 3073 3084 3152 credatur
3147 3091 3219 3152 et
3285 3073 3548 3154 habeat
3609 3076 3902 3155 tertiam

723 3250 1007 3336 partem
1046 3229 1291 3309 banni.
1342 3248 1414 3309 et
1460 3248 1790 3334 potestas
1842 3230 2079 3335 possit
2135 3230 2521 3333 inquirere.
2565 3249 2637 3309 et
2694 3229 2935 3309 soluta
2970 3257 3157 3334 pena
3195 3230 3315 3310 uel
3353 3258 3532 3311 non.
3571 3251 3900 3336 potestas

722 3366 960 3493 possit
1025 3389 1407 3493 imponere
1471 3414 1697 3492 penas
1762 3406 1836 3466 et
1899 3389 2139 3467 banna
2203 3387 2295 3467 ad
2362 3414 2572 3467 suam
2639 3364 3103 3467 uoluntatem
3167 3415 3302 3492 pro
3366 3388 3582 3469 dictis
3644 3389 3899 3470 bestiis

727 3535 1140 3618 auferendis
1195 3535 1287 3616 de
1343 3535 1547 3616 dicto
1604 3536 1775 3616 loco
1834 3536 1989 3616 siue
2046 3534 2254 3616 locis.

352 3956 453 4033 28
706 3893 1108 4099 QJOD
1165 3976 1342 4055 UIA
1399 3974 1958 4055 TENEATUR
2016 3974 2425 4056 APERTA
2493 3975 2816 4054 IUXTA
2868 3976 3249 4057 MURUM
3303 3977 3715 4058 NOUUM.

960 4205 1001 4260 fi.

844 4217 1006 4379 {153
1051 4320 1211 4375 TEM
1249 4314 1604 4375 statutum
1644 4314 1755 4375 est
1792 4295 1993 4400 quod
2031 4313 2361 4399 potestas
2389 4312 2724 4373 teneatur
2753 4293 2984 4373 facere
3013 4292 3171 4373 fieri
3203 4313 3276 4373 et
3303 4296 3536 4374 teneri
3572 4314 3897 4399 apertam

724 4452 925 4531 uiam
982 4452 1184 4530 iuxta
1239 4478 1535 4531 murum
1591 4479 1879 4532 nouum
1936 4453 2012 4531 in
2067 4430 2241 4530 uilla
2298 4452 2747 4530 baennarum
2802 4449 3127 4554 amplam
3180 4477 3326 4530 una
3361 4469 3578 4530 tessa.
3655 4451 3789 4559 (1)
3826 4472 3898 4532 et

727 4609 826 4688 ibi
891 4608 1136 4688 nullus
1200 4608 1412 4688 faciat
1476 4608 1762 4688 nullum
1819 4607 2316 4689 habitaculum
2381 4607 2501 4687 uel
2565 4608 2978 4688 artificium.
3048 4627 3121 4687 et
3202 4610 3329 4712 qui
3393 4607 3900 4689 contrafecerit

725 4781 860 4870 pro
929 4769 1174 4846 banno
1242 4765 1483 4847 soluat
1548 4766 1833 4846 solidos
1895 4792 1968 4845 v.
2038 4784 2112 4845 et
2184 4765 2459 4845 dictam
2524 4767 2734 4845 uiam
2800 4765 3329 4846 nichilominus
3394 4767 3735 4871 expedire
3798 4786 3899 4846 te-

726 4894 1005 5003 neatur.
1046 4922 1139 5002 de
1178 4923 1323 5003 hoc
1362 4923 1682 5027 capitulo
1723 4924 2179 5027 excipiuntur
2217 4923 2491 5003 domus
2527 4922 2838 5002 uillelmi
2889 4922 3138 5003 donne
3195 4923 3460 5003 aluixie
3509 4942 3581 5003 et
3628 4924 3900 5003 domus

729 5081 988 5160 boziis.
1047 5081 1183 5188 (2)
1239 5099 1312 5160 et
1349 5080 1551 5185 quod
1591 5098 1918 5185 potestas
1953 5099 2289 5160 teneatur
2324 5079 2556 5160 facere
2595 5082 2828 5161 teneri
2883 5099 3208 5186 apertam
3262 5107 3490 5160 unam
3526 5081 3727 5159 uiam
3772 5108 3899 5185 per

727 5265 952 5342 quam
1008 5257 1211 5317 eatur
1266 5237 1357 5317 ad
1413 5237 1892 5342 batagleriam
1931 5236 2064 5343 (3)
2103 5236 2413 5319 uillelmi
2452 5239 2686 5340 bencij
2743 5240 2819 5318 in
2865 5257 3196 5318 contrata
3242 5238 3436 5318 dicte
3474 5237 3895 5342 bataglerie.

729 5416 801 5475 et
864 5396 1255 5500 designare
1310 5394 1587 5475 dictam
1641 5395 1839 5474 uiam
1895 5422 2023 5499 per
2086 5422 2188 5475 nn
2253 5395 2603 5476 homines
2685 5396 2777 5476 ad
2860 5396 3006 5477 hoc
3079 5396 3381 5477 electos,
3458 5415 3531 5476 et
3602 5421 3899 5476 murum

730 5580 1016 5633 nouum
1075 5552 1525 5657 intelligatur
1581 5580 1621 5632 a
1678 5572 1914 5633 castro
1954 5551 2088 5660 (4)
2144 5579 2374 5656 usque
2431 5553 2523 5632 ad
2581 5552 2897 5633 domum
2953 5553 3435 5634 banallorum.
