5117 6834
391 686 533 786 163

388 3644 540 3743 164

2138 270 2611 379 XXXVI

772 593 1002 762 DE
1055 674 1729 758 FACIENTIBUS
1786 674 2322 777 INSULTUM
2373 674 2519 758 AD
2574 628 2999 759 DoMUM'
3034 677 3532 762 Amemus,

872 874 1066 1080 Q
1105 1018 1265 1074 ΤΕΜ
1320 1018 1494 1072 cum
1548 990 1826 1071 domus
1881 1009 2128 1071 tutum
2211 989 2715 1071 habitaculum
2772 1010 2848 1071 et
2899 991 3274 1095 refugium
3340 1019 3503 1074 esse
3571 992 3861 1075 debeat.
3921 1014 3997 1074 et

784 1150 1100 1258 quilibet
1154 1151 1232 1230 in
1288 1150 1528 1231 domo
1587 1176 1718 1230 sua
1772 1168 1979 1230 tutus
2034 1176 2197 1230 esse
2254 1149 2522 1230 debeat
2578 1168 2653 1230 et
2706 1177 3164 1256 permanere.
3221 1177 3352 1256 per
3404 1179 3710 1257 presens
3772 1172 3998 1235 statu-

783 1331 948 1392 tum
1005 1311 1163 1391 siue
1220 1308 1652 1389 ordinatum
1708 1308 1826 1387 sit.
1884 1306 2199 1388 firmiter
2257 1307 2693 1389 stabilitum.
2770 1328 2845 1389 et
2917 1306 3476 1390 inuiolabiliter·
3513 1313 3996 1395 obseruatum

781 1469 986 1575 quod
1045 1469 1107 1549 si
1162 1466 1407 1573 aliqua
1461 1494 1781 1572 persona
1836 1464 2198 1546 insultum
2254 1464 2508 1547 fecerit
2564 1467 2681 1547 ad·
2714 1467 3033 1548 domurn
3115 1467 3426 1548 alicuius
3480 1468 3819 1551 hominis
3872 1468 3994 1550 uel
4070 1562 4079 1570 ὁ

781 1628 1219 1708 habitatoris
1273 1612 1757 1707 baennarum.
1817 1625 2022 1731 quod
2080 1623 2205 1718 illa
2259 1652 2583 1731 persona
2620 1653 2764 1731 que
2805 1625 3165 1707 insultum
3216 1625 3469 1707 fecerit
3520 1629 3997 1732 temptauerit

784 1812 914 1867 seu
970 1812 1195 1888 ausus
1250 1785 1490 1866 facere
1523 1783 1765 1901 ¹fuerit
1822 1784 2067 1866 soluat
2120 1811 2258 1889 pro
2314 1811 2505 1890 pena
2559 1785 2869 1889 quocies
2923 1782 3178 1866 fecerit
3234 1786 3294 1864 si
3352 1784 3568 1902 fuerit
3623 1786 3701 1869 in
3758 1786 3878 1869 die
3912 1785 3998 1869 li-

781 1947 949 2025 bras
1002 1973 1051 2024 x
1109 1963 1183 2024 et
1239 1946 1301 2024 si
1358 1945 1437 2023 in
1488 1924 1716 2024 nocte
1790 1942 2012 2024 libras
2073 1971 2226 2023 xxv
2299 1962 2659 2025 astenses,
2716 1944 2810 2024 Et
2838 1944 3011 2024 ·hoc
3069 1972 3226 2025 non
3288 1946 3529 2050 possit
3592 1942 3995 2028 remoueri.

783 2122 859 2183 et
913 2103 1117 2208 quod
1175 2101 1636 2206 intelligatur
1692 2078 1972 2183 domus
2028 2101 2402 2183 conducta
2458 2103 2618 2183 siue
2673 2102 2751 2181 in
2808 2129 2953 2207 qua
3007 2100 3274 2207 aliquis
3331 2120 3555 2183 staret
3620 2101 3740 2183 uel
3790 2102 3998 2185 habi·
4047 2201 4051 2205 Α

781 2280 971 2342 taret
1026 2288 1508 2367 quocumque
1564 2261 1830 2342 modo.
1890 2280 1965 2341 et
2022 2260 2482 2366 intelligatur
2538 2260 2842 2342 domus.
2871 2279 3122 2349 toturn
3179 2259 3491 2342 stallum
3536 2279 3615 2341 et
3664 2263 3997 2367 porticus

782 2419 979 2500 stalli
1019 2419 1155 2527 (1)
1185 2438 1259 2500 et
1299 2420 1360 2500 si
1398 2420 1565 2524 quis
1601 2420 1740 2500 iret
1767 2419 1860 2500 ad
1890 2419 2210 2501 domum
2238 2418 2548 2500 alicuius
2584 2418 3193 2526 prosequendum
3229 2419 3553 2524 aliquam
3577 2446 3994 2524 personam

785 2600 857 2660 et
911 2578 1185 2659 faceret
1242 2578 1601 2660 insultum
1674 2579 1766 2659 ad
1823 2578 2144 2660 domum
2199 2578 2399 2660 illius
2453 2578 2546 2660 ad
2603 2606 2829 2684 quam
2894 2578 3214 2659 domum
3272 2605 3350 2659 se
3406 2579 3813 2664 reduceret.
3843 2579 3992 2659 ·uel

784 2756 1171 2845 aspectum
1228 2757 1520 2844 caperet
1575 2736 1784 2818 illam
1838 2764 2241 2845 personam
2296 2765 2439 2844 que
2494 2734 2755 2819 iuisSet
2798 2737 2890 2818 ad
2938 2737 3259 2819 domum
3314 2737 3651 2819 alicuius.
3704 2739 3802 2821 sit
3856 2740 3994 2821 sub

783 2897 1048 2978 eadem
1104 2924 1317 3004 pena.
1377 2898 1438 2977 si
1494 2895 1856 2978 insultum
1913 2897 2167 2978 fecerit
2222 2924 2396 2977 cum
2452 2898 2701 2978 armis.
2762 2915 2837 2977 et
2888 2897 3221 3004 porticus
3257 2886 3620 2979 comunis
3661 2925 3817 2981 non
3856 2900 3997 2979 ,in-

782 3054 1161 3160 telligatur
1215 3055 1310 3136 de
1366 3055 1606 3136 domo
1665 3056 1822 3138 siue
1880 3054 2124 3137 stallo,

756 3536 984 3705 DE
1036 3620 1842 3705 TRACTANTIBUS
1896 3618 2343 3709 CONTRA
2374 3622 2895 3707 DOMINUM
2928 3623 3510 3709 EPISCOPUM
3558 3624 3698 3709 ET
3750 3626 3964 3709 UIL-

1074 3781 1299 3864 LAM
1350 3781 2038 3867 BAENNARUM.

891 3996 1082 4204 ffi
1102 4139 1261 4194 TEM
1317 4130 1678 4193 statutum
1733 4129 1847 4191 est
1901 4110 2106 4216 quod
2161 4109 2405 4215 aliqua
2459 4136 2778 4215 persona
2842 4136 3002 4190 non
3075 4082 3343 4191 debeat
3397 4109 3631 4205 facere
3686 4128 3994 4191 tractare

781 4272 902 4353 uel
957 4271 1382 4353 consentire
1438 4270 1643 4376 quod
1701 4268 1878 4350 uilla
1933 4269 2392 4349 baennarum
2447 4294 2587 4348 nec
2642 4267 3057 4349 iurisdictio
3096 4269 3327 4374 ipsius
3366 4267 3555 4353 'uille
3608 4270 3995 4375 perueniat

779 4459 920 4512 nec
974 4431 1358 4537 peruenire
1413 4431 1653 4535 possit
1693 4456 1825 4510 seu
1861 4447 2121 4536 posset
2175 4428 2254 4507 in
2308 4426 2490 4508 alias
2526 4453 2797 4507 manus
2836 4435 2967 4507 seu
3022 4428 3100 4508 in
3155 4426 3379 4507 aliam
3409 4428 3839 4532 segnoriam
3869 4428 3991 4508 uel

777 4590 1207 4671 dominium
1243 4587 1546 4668 alterius
1600 4610 1918 4693 persone
1975 4613 2201 4692 quam
2258 4585 2553 4666 domini
2610 4585 2940 4691 episcopi
2979 4585 3297 4665 astensis
3334 4584 3492 4694 (2)
3528 4586 3624 4665 Et
3662 4585 3786 4666 illa
3822 4614 3993 4691 per·

783 4776 969 4829 sona
1006 4775 1148 4854 que
1185 4730 1527 4827 tractaret
1565 4745 1943 4826 ordinaret
1979 4744 2435 4826 consentiret
2471 4742 2592 4824 uel
2632 4761 2969 4849 quereret
2998 4742 3251 4850 aliquo
3281 4744 3522 4824 modo
3548 4743 3672 4824 uel
3703 4742 3991 4847 ingenii

783 4905 1184 4987 subtilitate
1221 4906 1488 5011 aliqua.
1548 4904 1752 5010 quod
1808 4902 1986 4984 uilla
2042 4930 2172 4985 seu
2228 4903 2582 4984 homines
2616 4901 2740 4983 uel
2777 4902 3190 4984 iurisdictio
3245 4903 3476 5008 ipsius
3531 4902 3707 4982 uille
3766 4902 3993 4983 baen-

782 5092 1045 5145 narum
1079 5063 1344 5145 fierent
1396 5062 1519 5143 uel
1577 5081 1826 5143 essent
1881 5063 1959 5141 in
2014 5061 2194 5143 alias
2249 5087 2517 5171 manus
2553 5060 2676 5142 uel
2713 5059 2936 5141 aliam
2991 5059 3582 5141 iurisdictionem
3622 5087 3752 5141 seu
3789 5058 3989 5140 aliud

782 5223 1208 5304 dominium
1237 5248 1465 5327 quam
1494 5221 1787 5302 domini
1816 5222 2145 5328 episcopi
2184 5222 2502 5302 astensis
2539 5219 2808 5342 debeat
2843 5219 3142 5325 penitus
3179 5219 3576 5325 decapitari
3616 5237 3690 5300 et
3729 5220 3990 5300 omnia

780 5408 909 5461 sua
964 5381 1163 5462 bona
1218 5380 1597 5487 publicari.
1656 5381 1759 5460 ita
1813 5379 2018 5485 quod
2077 5406 2394 5485 persona
2453 5379 2769 5460 euadere
2854 5403 3011 5457 non
3093 5378 3334 5482 possit
3386 5405 3536 5483 *pro
3591 5376 3792 5461 here.
3848 5405 3990 5458 nec

780 5540 995 5621 heres
1045 5566 1184 5646 pro
1238 5567 1584 5648 persona.
