5117 6834
751 2446 894 2505 221

1141 669 1399 747 pnum.
1461 641 1555 719 Et
1610 639 1670 718 si
1727 638 2083 717 incideret
2118 637 2238 716 uel
2280 634 2715 716 scaluauerit
2751 633 3073 739 aliquam
3129 633 3447 713 alienam
3504 634 3846 712 arborem
3903 630 4331 712 saluaticam

1145 826 1485 904 grossam
1543 797 1637 877 de
1694 795 2198 901 grossitudine
2255 795 2558 875 canterii
2617 793 2752 902 (6)
2809 791 2928 872 uel
2986 819 3199 897 supra
3254 789 3497 871 soluat
3532 816 3669 895 pro
3708 789 4033 895 qualibet
4071 754 4331 870 arbore

1144 955 1431 1037 solidos
1483 983 1534 1033 v
1591 973 1663 1034 et
1718 952 2040 1033 totidem
2094 979 2230 1057 pro
2288 950 2605 1031 emenda
2660 977 2882 1055 passo
2939 911 3347 1054 dampnum
3407 967 3479 1028 et
3537 948 3598 1028 si
3653 947 3870 1027 arbor
3926 945 4142 1026 suerit
4194 948 4330 1025 mi-

1143 1113 1347 1192 noris
1403 1110 1931 1217 grossitudinis
1987 1109 2230 1190 soluat
2284 1136 2421 1214 pro
2477 1107 2801 1214 qualibet
2855 1108 3114 1188 arbore
3168 1107 3212 1146 ²*
3283 1105 3566 1186 aleuata
3621 1105 3663 1145 ’‘
3719 1103 3854 1213 (7)
3937 1104 4225 1185 solidos
4279 1130 4329 1183 11

1143 1288 1216 1349 et
1269 1268 1589 1350 totidem
1644 1296 1780 1374 pro
1838 1267 2153 1348 emenda
2207 1251 2430 1372 passo
2487 1266 2922 1372 dampnum.
2963 1266 3060 1345 Et
3097 1266 3159 1344 si
3197 1264 3605 1369 dampnum
3645 1264 3779 1371 (8)
3818 1265 4060 1343 maius
4114 1261 4329 1340 fuerit

1143 1430 1337 1508 dicta
1376 1426 1690 1508 emenda
1730 1427 1995 1506 debeat
2032 1427 2411 1505 restituere
2460 1425 2744 1505 dictum
2799 1424 3231 1528 dampnum.
3294 1422 3701 1503 secundum
3759 1421 4328 1502 extimationem

1143 1588 1464 1668 duorum
1521 1584 1877 1691 legalium
1931 1585 2352 1665 hominum.
2437 1585 2532 1663 Et
2614 1582 2942 1689 quelibet
3012 1610 3330 1687 persona
3412 1582 3651 1687 possit
3733 1580 3907 1660 inde
3988 1544 4329 1659 accusare

1141 1745 1751 1825 contrafacientes
1834 1762 1907 1823 et
1981 1745 2048 1824 ei
2131 1745 2551 1823 iuramento
2627 1741 2960 1821 credatur
3013 1760 3170 1822 tam
3225 1740 3318 1821 de
3376 1766 3515 1820 suo
3571 1739 3900 1843 dampno
3958 1764 4182 1842 quam
4239 1736 4332 1815 de

1141 1902 1410 1983 alieno.
1472 1921 1545 1982 et
1599 1922 1934 1983 teneatur
1989 1903 2269 2006 priuata
2323 1902 2366 1941 4‘
2422 1919 2495 1979 et
2549 1899 2815 1980 habeat
2870 1900 3164 1980 tertiam
3217 1917 3504 2002 partem
3579 1897 3803 1977 banni
3858 1897 3902 1935 4‘
3958 1894 4115 2004 (9).

1146 2338 1372 2509 DE
1424 2413 2160 2502 PoRTANTfflus
2213 2411 2808 2497 LIGNAMINA
2860 2408 3082 2509 QUE
3136 2404 3747 2493 UIDEANTUR
3826 2347 4164 2524 Furs'sss
4215 2401 4331 2488 IN

1458 2576 1894 2659 ssoscms
1946 2573 2345 2658 ALffiNJs
2397 2569 2996 2655 ALLEUATIS.

1272 2795 1618 3001 QUEM
1657 2902 1715 2981 si
1755 2900 1995 3005 aliqua
2050 2928 2367 3006 persona
2423 2902 2724 2980 inuenta
2780 2897 2993 2980 fuerit
3048 2899 3168 2979 uel
3223 2900 3419 2980 uissa
3458 2898 3645 3005 (ιο)
3684 2898 3951 2978 ducere
4007 2896 4127 2977 uel
4163 2925 4329 3003 por-

1141 3067 1294 3139 tare
1349 3059 1589 3164 aliqua
1646 3057 1848 3163 ligna
1903 3057 2024 3138 uel
2080 3057 2489 3164 lignamina
2544 3058 2811 3138 alicubi
2866 3060 2943 3137 in
2999 3056 3504 3138 iurisdictione
3557 3059 4003 3137 baennarum
4044 3084 4186 3161 que
4225 3057 4329 3136 ui·

1145 3219 1454 3298 deantur
1512 3196 1719 3323 capta
1774 3217 1997 3308 fuisse
2054 3218 2129 3297 in
2187 3216 2488 3297 boschis
2541 3216 2877 3297 alleuatis
2932 3215 3054 3296 uel
3107 3216 3489 3295 arboribus
3561 3214 3967 3296 saluasticis
4019 3214 4141 3294 uel
4198 3215 4327 3295 do-

1142 3378 1472 3457 mesticis
1500 3375 1761 3456 alienis
1786 3398 2056 3481 penam
2088 3374 2503 3456 solidorum
2532 3403 2629 3455 Lv
2660 3393 2734 3454 et
2770 3374 3092 3455 totidem
3127 3402 3264 3480 pro
3304 3374 3620 3454 emenda
3657 3400 3877 3478 passo
3916 3373 4327 3478 dampnum

1142 3535 1545 3615 substineat
1604 3553 1676 3614 et
1732 3533 2061 3639 quelibet
2132 3561 2452 3639 persona
2506 3534 2745 3638 possit
2818 3532 2990 3613 inde
3048 3559 3385 3613 accusare
3445 3531 4055 3612 contrafacientes
4110 3549 4184 3611 et
4258 3532 4324 3609 ei

1142 3693 1563 3772 iuramento
1619 3691 1953 3771 credatur
2000 3675 2083 3771 >et
2139 3690 2404 3771 habeat
2459 3690 2755 3770 tertiam
2809 3709 3096 3795 partem
3152 3688 3398 3770 banni.
3459 3691 3558 3770 ita
3605 3708 3860 3769 tamen
3914 3687 4116 3793 quod
4172 3716 4328 3793 per·

1140 3877 1324 3930 sona
1360 3877 1713 3930 accusans
1765 3868 2100 3930 teneatur
2156 3848 2398 3929 dicere
2454 3876 2771 3954 persone
2828 3876 3051 3954 quam
3106 3875 3444 3929 accusare
3488 3847 3827 3929 -uoluerit
3884 3847 4151 3927 ducere
4207 3847 4325 3927 uel

1137 4025 1427 4113 portare
1485 4007 1690 4112 ligna
1743 4007 2069 4112 predicta
2126 4006 2328 4112 quod
2386 4005 2545 4085 uult
2604 4033 2776 4086 eum
2832 4033 3193 4086 accusare.
3234 4006 3326 4086 Et
3384 4007 3443 4086 si
3498 4033 3813 4111 persona
3850 4025 4186 4086 accusata
4224 4005 4328 4085 di-

1136 4168 1326 4246 xerit
1381 4166 1790 4247 accusatori
1846 4165 2048 4270 quod
2108 4166 2302 4271 cepit
2358 4164 2564 4270 ligna
2618 4164 2970 4270 predicta
2999 4165 3077 4244 in
3133 4163 3420 4245 boscho
3479 4192 3638 4245 suo.
3699 4163 3820 4244 uel
3877 4182 4085 4245 extra
4123 4164 4326 4245 iuris—

1140 4324 1551 4405 dictionem
1589 4326 2044 4404 baennarum
2080 4323 2201 4403 uel
2234 4325 2311 4403 in
2342 4325 2575 4404 bosco
2632 4324 2963 4403 comuni.
3006 4322 3209 4428 quod
3246 4349 3564 4428 persona
3602 4349 3954 4403 accusans
3990 4341 4327 4407 teneatur

1137 4483 1230 4562 ad
1287 4485 1848 4588 requisitionem
1902 4509 2219 4588 persone
2276 4510 2499 4587 quarn
2556 4510 2895 4562 accusare
2952 4481 3273 4562 uoluerit
3354 4484 3456 4562 ire
3529 4482 3816 4562 uissum
3891 4481 4138 4561 locum
4198 4481 4323 4561 ubi

1139 4642 1411 4746 ceperit
1465 4617 1660 4720 dicta
1715 4639 1942 4745 ligna.
2000 4642 2043 4681 4‘
2096 4639 2442 4721 habendo
2499 4639 2704 4744 ligna
2759 4640 3085 4745 predicta
3137 4641 3181 4680 ²*
3245 4642 3445 4721 iuxta
3502 4667 3880 4746 cauzegna
3937 4641 4125 4749 (11)
4181 4668 4326 4746 que

1138 4798 1688 4899 monstrauerit.
1747 4817 1822 4878 et
1878 4800 1938 4879 si
1994 4799 2361 4879 inuenerit
2400 4817 2475 4879 et
2511 4797 2781 4878 uiderit
2819 4797 3012 4878 dicta
3040 4797 3254 4903 ligna
3293 4799 3695 4880 conuenire
3733 4826 3906 4879 cum
3944 4826 4325 4903 cauzegna

1137 4978 1210 5039 et
1266 4958 1550 5039 dictum
1604 4957 1973 5038 boschum
2029 4984 2189 5038 esse
2248 4984 2465 5037 suum
2520 4956 2643 5037 uel
2699 4984 3021 5037 comune
3058 4958 3181 5038 uel
3220 4977 3426 5038 extra
3464 4957 4054 5039 iurisdictionem
4111 4958 4328 5070 baen-

1136 5144 1421 5197 narum.
1478 5115 1803 5221 predicta
1858 5142 2176 5220 persona
2215 5116 2373 5195 sine
2429 5113 2569 5194 alia
2623 5114 3063 5220 probatione
3120 5114 3567 5195 absoluatur.
3607 5116 3701 5194 Et
3737 5116 3885 5195 hoc
3922 5115 4323 5221 capitulum

1134 5275 1387 5357 locum
1425 5275 1691 5356 habeat
1728 5294 1883 5355 tam
1920 5276 1996 5354 in
2036 5273 2359 5355 sortibus
2395 5272 2583 5381 (12)
2641 5301 2858 5378 gurre
2898 5274 3074 5381 (13)
3118 5293 3192 5354 et
3230 5274 3652 5379 galitiarum
3689 5273 3876 5381 (14)
3914 5273 4247 5355 alleuatis
4283 5276 4325 5315 ³⁶

1134 5460 1358 5538 quam
1413 5435 1490 5513 in
1545 5432 1709 5514 aliis
1764 5432 2348 5538 quibuscumque
2402 5431 2788 5512 arboribus
2842 5431 3144 5513 boschis
3197 5430 3535 5513 alleuatis
3587 5433 3630 5472 ⁴‘
3682 5433 3761 5511 in
3816 5433 4323 5513 iurisdictione

1139 5597 1614 5673 baennarum.
1700 5591 1846 5672 hoc
1905 5590 2287 5699 intellecto
2371 5590 2574 5696 quod
2634 5592 2711 5671 in
2768 5591 3091 5672 sortibus
3173 5617 3392 5695 gurre
3450 5609 3523 5670 et
3580 5590 4039 5694 galliciarum
4123 5590 4324 5671 nulla
