5117 6834
1209 568 1429 733 DE
1514 647 2139 729 IMPONENDA
2206 647 2477 727 PENA
2539 646 2778 728 NON
2856 582 3545 728 COMPARENTf
3616 647 3991 727 CORAM
4065 647 4382 727 POTE-

1519 806 1876 886 STATE.

1331 1021 1520 1225 Q
1539 1149 1695 1204 ‘rr-:M
1732 1141 2087 1203 statutum
2145 1142 2256 1203 est
2311 1123 2513 1227 quod
2571 1142 2901 1227 potestas
2955 1122 3074 1202 uel
3133 1123 3290 1202 eius
3327 1121 3581 1202 locum
3635 1142 3899 1203 tenens
3952 1150 4108 1203 non
4153 1124 4390 1229 possit

1211 1282 1594 1385 imponere
1651 1306 1920 1385 penam
1993 1307 2148 1359 non
2223 1280 2681 1385 comparenti
2746 1306 2999 1360 coram
3075 1306 3168 1359 eo
3224 1279 3316 1359 ad
3388 1280 3712 1385 primum
3789 1282 4145 1361 nuncium
4201 1281 4387 1360 ultra

1209 1437 1533 1518 solidum
1571 1465 1618 1519 1.
1658 1437 1793 1545 (4)
1832 1457 1903 1517 et
1941 1437 2032 1517 ad
2072 1438 2479 1517 secundum
2518 1437 2805 1518 solidos
2843 1464 2942 1519 111.
2984 1457 3056 1517 et
3095 1439 3157 1518 si
3202 1464 3358 1517 non
3397 1439 3889 1543 comparuerit
3939 1439 4031 1518 ad
4074 1440 4386 1518 tercium

1207 1598 1561 1676 nuncium
1633 1615 2009 1702 expectata
2073 1598 2294 1676 tercia
2350 1597 2721 1676 citatione.
2801 1596 3041 1677 soluat
3095 1624 3232 1702 pro
3286 1623 3475 1702 pena
3531 1595 3817 1677 solidos
3882 1623 3955 1675 v.
4033 1597 4174 1677 nisi
4241 1597 4387 1677 hoc

1206 1752 1415 1833 fieret
1490 1755 1881 1834 occasione
1947 1754 2252 1833 alicuius
2324 1753 2669 1834 maleficii
2743 1753 2864 1834 uel
2928 1755 3105 1833 rixe.
3165 1754 3240 1833 in
3326 1780 3480 1858 quo
3544 1780 3715 1834 casu
3777 1754 3965 1833 ultra
4025 1754 4389 1859 predictas

1207 1913 1653 2017 quantitates
1722 1939 1991 2017 penam
2066 1913 2449 2018 imponere
2513 1913 2772 2018 possit.
2842 1912 2986 1992 hoc
3054 1912 3432 1992 intellecto
3497 1913 3699 2016 quod
3758 1914 3833 1992 in
3899 1911 4142 1992 verbis
4206 1912 4388 1991 iniu-

1207 2071 1424 2150 riosis
1499 2070 1938 2176 separandis,
2008 2097 2162 2150 non
2226 2071 2461 2175 possit
2526 2071 2909 2175 imponere
2987 2096 3255 2175 penam
3330 2070 3516 2149 ultra
3591 2069 3877 2150 solidos
3949 2096 4021 2148 v.
4091 2070 4166 2149 in
4236 2096 4387 2150 ma-

1208 2227 1463 2309 leficiis
1499 2248 1748 2309 autem
1788 2256 1942 2308 non
1977 2230 2212 2333 possit
2251 2230 2633 2333 imponere
2670 2255 2939 2334 penam
2979 2230 3054 2308 in
3092 2230 3450 2334 preceptis
3480 2247 3551 2307 et
3582 2227 3799 2308 cridis
3826 2228 4014 2307 ultra
4051 2247 4384 2332 quartam

1205 2406 1490 2491 partem
1558 2389 1983 2492 quantitatis
2045 2414 2232 2491 pene
2299 2386 2642 2467 maleficii
2710 2387 2915 2466 cuius
2971 2388 3362 2466 occasione
3435 2385 3701 2466 fuerint
3766 2387 3959 2466 dicta
4021 2405 4384 2492 precepta.

1207 2564 1280 2625 et
1349 2547 1409 2625 si
1482 2545 1667 2625 ultra
1740 2545 2142 2651 predictam
2226 2546 2711 2650 quantitatem
2750 2624 2758 2633 ,
2800 2547 3215 2649 imponeret
3285 2571 3554 2650 penam
3628 2544 3749 2624 uel
3826 2546 4176 2624 bannum.
4249 2543 4385 2651 (5)

1203 2701 1442 2782 valeat
1499 2702 1742 2782 saltim
1799 2704 1874 2782 in
1931 2729 2024 2783 eo
2079 2703 2154 2782 in
2210 2730 2361 2806 quo
2418 2704 2800 2807 imponere
2854 2720 3163 2807 poterat.
3205 2727 3291 2797 (6)
3326 2727 3380 2781 si
3416 2744 3543 2782 uero
3580 2728 3765 2798 aliquis
3802 2729 3989 2782 citatus
4025 2727 4180 2782 fuerit
4223 2727 4385 2782 tribus

1206 2861 1402 2915 uicibus
1440 2861 1784 2931 personaliter
1820 2862 2095 2916 occasione
2119 2861 2336 2916 alicuius
2360 2860 2608 2915 maleficii
2631 2873 2684 2915 et
2709 2877 2818 2915 non
2844 2860 3194 2931 comparuerit
3217 2860 3470 2914 habeatur
3493 2877 3588 2931 pro
3614 2859 3855 2915 confesso
3890 2871 3944 2914 et
3968 2860 4384 2931 condempnetur

1203 2996 1477 3055 tamquam
1524 2985 1791 3039 confessus
1827 2996 1881 3038 et
1916 2985 2187 3038 conuictus
2224 3002 2255 3038 a
2300 3001 2401 3055 qua
2451 2983 2897 3039 condemnatione
2943 2983 3243 3038 nullatenus
3297 2983 3587 3054 appelletur
3634 2984 3757 3039 licet
3793 2984 3848 3037 in
3900 2984 4086 3038 ultima
4135 2985 4384 3039 citatione

1206 3107 1369 3178 possit
1405 3123 1555 3160 suam
1593 3108 1982 3161 contumaciam
2021 3123 2240 3177 purgare
2277 3106 2536 3161 soluendo
2576 3123 2736 3176 penas
2774 3107 2941 3177 prime
2977 3118 3031 3160 et
3067 3106 3294 3160 secunde
3331 3106 3610 3182 citationis.

1202 3417 1425 3582 DE
1531 3495 2006 3581 PERSONA
2106 3495 2323 3591 QUE
2428 3494 2853 3575 FECERIT
2949 3494 3276 3574 ALIAM
3376 3491 3937 3574 PERSONAM
4038 3491 4385 3572 CITARI

1515 3655 1889 3737 CORAM
1973 3654 2305 3736 CURIA.

1329 3872 1517 4075 ff
1539 3990 1693 4045 TEM
1750 3982 2105 4045 statutum
2163 3983 2273 4044 est
2328 3964 2530 4068 quod
2589 3965 2649 4043 si
2704 3963 2944 4068 aliqua
2997 3991 3312 4068 persona
3366 3964 3459 4044 de
3516 3963 3819 4045 baennis
3875 3966 4124 4046 iecerit
4179 3967 4378 4046 citari

1203 4120 1523 4226 aliquam
1578 4122 1798 4203 aliam
1851 4149 2246 4228 personam
2303 4149 2554 4203 coram
2613 4124 2807 4202 curia
2862 4123 2953 4202 ad
3009 4121 3377 4202 banchum
3433 4123 3739 4203 rationis
3795 4144 3867 4204 et
3919 4151 4235 4230 persona
4291 4127 4384 4205 ci-

1202 4296 1352 4358 tata
1408 4298 1480 4358 et
1537 4280 1882 4384 requisita
1938 4280 2429 4385 comparuerit
2486 4298 2558 4360 et
2616 4279 2737 4359 illa
2791 4306 2934 4384 que
2992 4307 3157 4360 eam
3213 4281 3416 4360 citari
3471 4279 3719 4360 fecerit
3776 4300 3848 4360 et
3903 4282 4170 4386 requiri
4226 4308 4381 4362 non

1204 4438 1695 4540 comparuerit
1749 4464 1791 4515 a
1847 4464 2064 4517 mane
2120 4464 2350 4542 usque
2388 4435 2479 4515 ad
2517 4438 2820 4516 terciam
2859 4456 2931 4517 et
2976 4464 3018 4516 a
3057 4464 3253 4517 nona
3309 4464 3540 4541 usque
3595 4438 3687 4518 ad
3746 4465 4086 4544 uesperas
4141 4440 4382 4520 soluat

1202 4620 1338 4697 pro
1396 4592 1643 4673 banno
1702 4593 1987 4674 solidos
2044 4622 2114 4674 11.

1203 4952 1426 5117 DE
1498 5030 1973 5114 PERSONA
2029 5029 2443 5111 CITATA.

1334 5250 1688 5453 &gn-:M
1728 5334 1788 5414 si
1826 5333 2067 5439 aliqua
2102 5359 2417 5439 persona
2455 5333 2548 5413 de
2588 5332 2894 5413 baennis
2930 5334 3147 5413 citata
3175 5331 3390 5413 fuerit
3417 5359 3669 5412 coram
3699 5333 3894 5412 curia
3932 5331 4382 5413 baennarum

1201 5491 1679 5597 personaliter
1753 5493 1908 5573 siue
1963 5491 2054 5572 ad
2116 5491 2434 5572 domum
2488 5493 2566 5571 in
2620 5519 2764 5596 qua
2836 5490 3113 5571 habitat
3168 5493 3229 5571 si
3284 5490 3405 5571 illa
3479 5510 3699 5571 nocte
3756 5492 3833 5570 in
3889 5491 4082 5571 dicta
4146 5491 4383 5572 domo
