5117 6834
454 731 598 832 389
641 827 649 835 .

452 2807 604 2885 390

454 4582 593 4659 391

2288 327 2589 431 XCII

839 661 1045 836 (DE
1081 756 1466 812 SOLUENDA
1505 755 1837 810 GABELLA
1874 756 1935 810 SI
1973 755 2523 811 EXTRAHUNTUR
2573 753 2827 809 MONOS
2873 755 3012 809 UEL
3058 754 3390 809 TEGULAS
3425 755 3520 808 DE
3559 754 3768 810 POSSE
3821 756 4029 810 BAEN—

1164 844 1474 1005 NARUM).
1570 921 1577 927 ι

976 1074 1297 1275 Qum
1345 1205 1648 1255 statutum
1699 1206 1791 1256 est
1838 1186 2009 1275 quod
2056 1185 2331 1276 quelibet
2378 1208 2650 1274 persona
2717 1209 2838 1274 que
2905 1187 3131 1252 emer-it
3200 1184 3448 1273 aliquos
3496 1208 3730 1253 monos
3778 1184 3880 1251 uel
3925 1196 4054 1251 te-'

843 1333 1020 1421 gulas
1068 1354 1254 1398 causa
1301 1328 1666 1397 extrahendi
1712 1329 1789 1395 de
1836 1349 2022 1417 posse
2070 1327 2457 1394 baennarum
2506 1325 2711 1394 soluat
2761 1345 2821 1392 et
2868 1326 3117 1393 soluere
3164 1344 3450 1393 teneatur
3491 1348 3606 1414 pro
3638 1326 3878 1413 gabella
3927 1348 4031 1392 so-

842 1471 1006 1540 lidos
1051 1494 1120 1539 111
1166 1441 1284 1559 pro
1348 1469 1624 1568 qualibet
1688 1487 1926 1535 carrata
1994 1486 2056 1534 et
2110 1490 2229 1555 pro
2288 1467 2574 1552 §caualata
2642 1466 2920 1533 solidum
2966 1489 2986 1533 1
3035 1484 3097 1532 et
3144 1489 3260 1554 pro
3317 1484 3564 1533 somata
3623 1467 3916 1534 denarios
3962 1488 4030 1532 v1

844 1631 906 1680 et
952 1631 1199 1679 tantum
1247 1611 1542 1678 similiter
1588 1607 1795 1677 sol'uat
1841 1609 2137 1676 uenditor
2182 1626 2521 1696 antequam
2568 1611 2742 1696 ipsos
2790 1607 2892 1673 uel
2937 1610 3104 1695 ipsas
3152 1607 3433 1673 extrahat
3474 1606 3551 1673 de
3597 1629 3785 1695 posse
3832 1606 4028 1674 baen-

843 1777 1069 1821 narum
1120 1770 1181 1819 et
1229 1756 1283 1819 si
1330 1751 1789 1819 contrafactum
1837 1751 2023 1818 fuerit
2069 1749 2275 1817 soluat
2306 1749 2511 1817 dictus
2558 1767 2813 1837 emptor
2858 1768 2920 1816 et
2967 1747 3264 1815 uenditor
3309 1771 3428 1836 pro
3473 1747 3758 1837 quolibet
3791 1767 3853 1815 et
3885 1732 4029 1836 qua·

843 1894 994 1962 libet
1042 1897 1181 1961 uice
1229 1894 1471 1961 solidos
1517 1917 1596 1962 Lx
1643 1904 1922 1960 astenses
1984 1912 2044 1959 et
2092 1892 2263 1980 quod
2312 1890 2392 1957 de
2435 1890 2741 1979 predictis
2786 1911 2847 1957 et
2895 1889 3179 1980 quolibet
3248 1889 3684 1978 predictorum
3751 1888 4029 1979 quelibet

843 2061 1112 2127 persona
1161 2036 1327 2104 bone
1374 2035 1542 2103 fame
1588 2036 1788 2124 possit
1856 2032 2004 2101 inde
2069 2032 2591 2101 contrafacientes
2659 2055 2956 2099 accusare
3002 2051 3062 2098 et
3111 2033 3170 2099 ei
3217 2027 3578 2098 iuramento
3625 2030 3915 2112 credatur
3962 2051 4027 2098 et

842 2179 1069 2247 habeat
1115 2180 1369 2246 tertiam
1418 2196 1662 2265 partem
1709 2175 1899 2243 banni
1948 2194 2009 2243 et
2055 2175 2362 2243 dominus
2404 2192 2684 2263 potestas
2754 2175 2954 2262 possit
3006 2164 3154 2240 inde
3201 2175 3519 2261 inquirere
3566 2172 3642 2239 ad
3691 2195 3872 2239 suam
3918 2195 4028 2238 uo-

729 2344 739 2351 ·
842 2320 1171 2388 luntatem.

792 2774 797 2779 ι
846 2709 1043 2883 (DE
1082 2801 1236 2856 NON
1275 2800 1665 2856 RUSCANDO
1697 2801 1770 2855 IN
1809 2800 2041 2855 BOSCO
2078 2800 2218 2854 SUO
2256 2799 2395 2854 UEL
2434 2704 2763 2874 ALIENO).

978 2994 1298 3195 Qum
1343 3129 1649 3179 statutum
1699 3128 1794 3176 est
1839 3108 2012 3198 quod
2058 3109 2261 3198 aliqua
2313 3132 2587 3197 persona
2631 3132 2762 3176 non
2811 3108 3035 3175 audeat
3065 3109 3167 3175 uel
3199 3128 3519 3197 presumat
3567 3111 3863 3178 ruschare
3910 3135 4027 3178 nec

844 3252 1126 3318 ruschari
1174 3251 1376 3318 facere
1422 3254 1488 3318 in
1535 3275 1652 3317 suo
1702 3250 1945 3317 boscho
1993 3273 2109 3317 nec
2155 3252 2222 3316 in
2269 3250 2478 3317 alieno
2524 3250 2761 3338 aliquas
2809 3249 3056 3317 albores
3104 3253 3557 3339 cuiuscumque
3603 3254 3855 3339 generis
3903 3254 4030 3320 sint

843 3395 910 3460 in
956 3391 1079 3459 fine
1128 3415 1245 3459 nec
1292 3413 1481 3480 posse
1528 3391 1935 3459 baennarum.
2008 3411 2069 3458 et
2138 3393 2192 3458 si
2249 3391 2710 3459 contrafactum
2781 3390 2968 3457 fixerit
3014 3390 3220 3457 soluat
3268 3391 3543 3481 quelibet
3593 3415 3860 3480 persona
3905 3415 4025 3481 pro

843 3533 1124 3623 qualibet
1170 3552 1231 3601 et
1277 3533 1553 3622 qualibet
1598 3536 1739 3601 uice
1785 3557 1906 3622 qua
1953 3533 2395 3601 contrafecerit
2458 3532 2700 3599 solidos
2747 3555 2830 3600 Lx
2877 3551 3157 3600 astenses
3204 3551 3263 3598 et
3313 3535 3366 3599 si
3413 3533 3618 3622 aliqua
3666 3533 3888 3600 ruscha
3934 3536 4032 3601 in-

844 3664 1030 3742 uenta
1079 3674 1267 3741 fuerit
1313 3692 1506 3763 penes
1554 3675 1827 3762 aliquam
1876 3697 2215 3763 personam
2249 3676 2317 3741 in
2340 3673 2543 3740 domo
2576 3675 2710 3740 eius
2743 3673 2845 3740 uel
2893 3674 3089 3760 ayrali
3121 3673 3222 3740 uel
3253 3672 3361 3740 ubi
3395 3672 3702 3741 habitaret
3736 3672 4030 3741 eamdem

845 3839 1075 3907 penam
1122 3815 1469 3883 substineat
1516 3833 1577 3881 et
1625 3815 1795 3904 quod
1844 3815 1921 3881 de
1969 3814 2267 3903 predictis
2313 3813 2593 3903 quelibet
2661 3834 2933 3903 persona
2985 3813 3150 3881 bone
3198 3813 3367 3881 fame
3414 3817 3616 3902 possit
3665 3814 3809 3881 inde
3853 3836 4031 3882 accu-

845 3981 981 4025 sare
1030 3976 1091 4025 et
1138 3960 1197 4024 ei
1244 3960 1602 4025 iuramento
1649 3954 1939 4023 credatur
2008 3974 2068 4022 et
2134 3955 2357 4021 habeat
2426 3956 2679 4021 tertiam
2750 3973 2997 4041 partem
3047 3954 3237 4021 banni
3286 3974 3348 4021 et
3395 3954 3698 4021 dominus
3746 3972 4028 4042 potestas

846 4100 1045 4187 possit
1091 4097 1239 4166 inde
1285 4101 1599 4190 inquirere
1648 4096 1724 4163 ad
1776 4120 1964 4195 suam·
2006 4096 2400 4163 uoluntatem
2449 4096 2578 4184 (1).

847 4511 1152 4680 QUOD
1188 4589 1434 4645 GALLA
1473 4590 1628 4645 NON
1666 4560 1953 4645 DEBEAT
1995 4591 2318 4652 EXTRAHI
2354 4590 2594 4645 EXTRA
2639 4589 2913 4644 UILLAM
2953 4590 3045 4644 ET
3083 4589 3292 4645 POSSE
3332 4590 3743 4645 BENNARUM.

977 4770 1275 4972 Qum
1314 4918 1570 4961 statutum
1606 4918 1686 4961 est
1722 4908 1862 4979 quod
1899 4908 2075 4979 aliqua
2112 4924 2337 4977 persona
2374 4924 2485 4961 non
2522 4907 2714 4961 audeat
2751 4908 2835 4961 vel
2879 4920 3149 4982 presumat
3185 4909 3462 4963 extrahere
3499 4909 3583 4962 uel
3621 4908 3823 4962 extrahi
3862 4908 4030 4963 facere

844 5044 898 5085 et
934 5009 1124 5085 ducere
1160 5032 1245 5084 vel
1284 5031 1405 5085 duci
1442 5030 1610 5085 facere
1646 5042 1854 5102 portare
1892 5032 1976 5085 vel
2015 5031 2209 5102 portari
2260 5031 2428 5086 facere
2476 5043 2624 5086 extra
2661 5031 2846 5085 villam
2883 5033 2968 5085 vel
3015 5048 3169 5103 posse
3215 5034 3507 5086 bennarum
3553 5032 3784 5103 aliquam
3830 5032 4030 5104 gallam

844 5166 899 5208 et
934 5154 1022 5226 qui
1060 5154 1426 5208 contrafecerit
1462 5154 1635 5208 soluat
1670 5171 1765 5224 pro
1802 5154 2034 5226 qualibet
2071 5166 2124 5208 et
2159 5154 2391 5226 qualibet
2428 5156 2558 5208 vice.
2597 5155 2795 5209 scilicet
2832 5172 2927 5226 pro
2967 5136 3168 5210 carrata
3216 5155 3375 5209 libras
3427 5155 3612 5208 decem
3648 5165 3897 5209 astenses.
3936 5172 4031 5226 pro

846 5278 1083 5333 caualata
1119 5288 1172 5330 et
1207 5291 1415 5333 somata
1459 5276 1658 5332 solidos
1709 5294 1783 5333 Lx
1819 5289 2053 5333 astenses
2101 5289 2155 5331 et
2192 5294 2287 5348 pro
2325 5277 2464 5332 fasso
2512 5278 2709 5332 solidos
2756 5294 2834 5334 xx
2872 5290 3105 5334 astenses
3141 5291 3195 5332 et
3230 5279 3370 5350 quod
3408 5278 3474 5331 de
3513 5277 3755 5347 predictis
3800 5277 4030 5349 quelibet

846 5419 1069 5473 persona
1104 5405 1268 5475 possit
1302 5405 1427 5458 inde
1465 5421 1734 5459 accussare
1772 5416 1825 5458 et
1861 5405 1909 5458 ei
1946 5405 2246 5459 iuramento
2283 5406 2521 5459 credatur
2559 5417 2612 5459 et
2649 5405 2839 5459 habeat
2876 5405 3088 5459 tertiam
3127 5415 3330 5474 partem
3369 5404 3529 5458 banni
3565 5399 3622 5458 'et
3657 5405 3906 5459 dominus
3945 5421 4031 5474 po-

844 5539 1005 5582 testas
1044 5528 1209 5598 possit
1245 5529 1367 5582 inde
1404 5528 1666 5599 inquirere
1703 5529 1768 5582 ad
1806 5545 1957 5582 suam
1994 5528 2347 5582 uoluntatem.
