<?xml version="1.0" encoding="UTF-8"?>
<!DOCTYPE html PUBLIC "-//W3C//DTD XHTML 1.0 Transitional//EN"
    "http://www.w3.org/TR/xhtml1/DTD/xhtml1-transitional.dtd">
<html xmlns="http://www.w3.org/1999/xhtml" xml:lang="en" lang="en">
 <head>
  <title>
</title>
<meta http-equiv="Content-Type" content="text/html;charset=utf-8" />
  <meta name='ocr-system' content='tesseract 3.04.00' />
  <meta name='ocr-capabilities' content='ocr_page ocr_carea ocr_par ocr_line ocrx_word'/>
</head>
<body>
  <div class='ocr_page' id='page_1' title='image "./capitulaetstatu00unkngoog_0160.png"; bbox 0 0 5117 6834; ppageno 0'>
   <div class='ocr_carea' id='block_1_1' title="bbox 1106 558 4287 1613">
    <p class='ocr_par' dir='ltr' id='par_1_1' title="bbox 1106 558 4287 1613">
     <span class='ocr_line' id='line_1_1' title="bbox 1108 558 4285 673; baseline -0 -33"><span class='ocrx_word' id='word_1_1' title='bbox 1108 580 1181 641; x_wconf 90' lang='lat' dir='ltr'><strong>et</strong></span> <span class='ocrx_word' id='word_1_2' title='bbox 1235 559 1558 664; x_wconf 88' lang='lat' dir='ltr'><strong>qualibet</strong></span> <span class='ocrx_word' id='word_1_3' title='bbox 1612 560 1774 641; x_wconf 90' lang='lat' dir='ltr'><strong>uice</strong></span> <span class='ocrx_word' id='word_1_4' title='bbox 1831 559 2119 641; x_wconf 90' lang='lat' dir='ltr'><strong>solidos</strong></span> <span class='ocrx_word' id='word_1_5' title='bbox 2170 588 2242 639; x_wconf 90' lang='lat' dir='ltr'><strong>x.</strong></span> <span class='ocrx_word' id='word_1_6' title='bbox 2303 578 2376 640; x_wconf 92' lang='lat' dir='ltr'><strong>et</strong></span> <span class='ocrx_word' id='word_1_7' title='bbox 2430 587 2566 665; x_wconf 91' lang='lat' dir='ltr'><strong>pro</strong></span> <span class='ocrx_word' id='word_1_8' title='bbox 2622 558 2946 664; x_wconf 91' lang='lat' dir='ltr'><strong>qualibet</strong></span> <span class='ocrx_word' id='word_1_9' title='bbox 3028 586 3240 640; x_wconf 88' lang='lat' dir='ltr'><strong>coue.</strong></span> <span class='ocrx_word' id='word_1_10' title='bbox 3300 577 3373 639; x_wconf 92' lang='lat' dir='ltr'><strong>et</strong></span> <span class='ocrx_word' id='word_1_11' title='bbox 3430 558 3775 673; x_wconf 85' lang='lat' dir='ltr'><strong>eamdem</strong></span> <span class='ocrx_word' id='word_1_12' title='bbox 3856 585 4126 664; x_wconf 92' lang='lat' dir='ltr'><strong>penam</strong></span> <span class='ocrx_word' id='word_1_13' title='bbox 4182 560 4285 639; x_wconf 91' lang='lat' dir='ltr'><strong>in·</strong></span> 
     </span>
     <span class='ocr_line' id='line_1_2' title="bbox 1107 716 4285 824; baseline -0.001 -26"><span class='ocrx_word' id='word_1_14' title='bbox 1107 736 1345 798; x_wconf 91' lang='lat' dir='ltr'><strong>currat</strong></span> <span class='ocrx_word' id='word_1_15' title='bbox 1402 717 1728 824; x_wconf 89' lang='lat' dir='ltr'>quelibet</span> <span class='ocrx_word' id='word_1_16' title='bbox 1782 744 2097 823; x_wconf 89' lang='lat' dir='ltr'><strong>persona</strong></span> <span class='ocrx_word' id='word_1_17' title='bbox 2151 744 2294 822; x_wconf 91' lang='lat' dir='ltr'><strong>que</strong></span> <span class='ocrx_word' id='word_1_18' title='bbox 2348 735 2631 822; x_wconf 89' lang='lat' dir='ltr'><strong>peteret</strong></span> <span class='ocrx_word' id='word_1_19' title='bbox 2687 744 2817 797; x_wconf 90' lang='lat' dir='ltr'><strong>seu</strong></span> <span class='ocrx_word' id='word_1_20' title='bbox 2872 717 3225 822; x_wconf 86' lang='lat' dir='ltr'><strong>reciperet</strong></span> <span class='ocrx_word' id='word_1_21' title='bbox 3262 716 3584 821; x_wconf 84' lang='lat' dir='ltr'>aliquam</span> <span class='ocrx_word' id='word_1_22' title='bbox 3624 742 3918 797; x_wconf 90' lang='lat' dir='ltr'><strong>couem.</strong></span> <span class='ocrx_word' id='word_1_23' title='bbox 3978 716 4099 797; x_wconf 91' lang='lat' dir='ltr'><strong>uel</strong></span> <span class='ocrx_word' id='word_1_24' title='bbox 4155 744 4285 796; x_wconf 90' lang='lat' dir='ltr'><strong>co·</strong></span> 
     </span>
     <span class='ocr_line' id='line_1_3' title="bbox 1107 873 4287 981; baseline 0 -26"><span class='ocrx_word' id='word_1_25' title='bbox 1107 904 1241 956; x_wconf 78' lang='lat' dir='ltr'><strong>ues</strong></span> <span class='ocrx_word' id='word_1_26' title='bbox 1297 877 1564 957; x_wconf 90' lang='lat' dir='ltr'><strong>messis</strong></span> <span class='ocrx_word' id='word_1_27' title='bbox 1617 875 1708 955; x_wconf 92' lang='lat' dir='ltr'><strong>ab</strong></span> <span class='ocrx_word' id='word_1_28' title='bbox 1763 875 2004 981; x_wconf 90' lang='lat' dir='ltr'><strong>aliqua</strong></span> <span class='ocrx_word' id='word_1_29' title='bbox 2059 902 2396 981; x_wconf 90' lang='lat' dir='ltr'><strong>persona.</strong></span> <span class='ocrx_word' id='word_1_30' title='bbox 2456 894 2530 955; x_wconf 92' lang='lat' dir='ltr'><strong>et</strong></span> <span class='ocrx_word' id='word_1_31' title='bbox 2584 873 2909 980; x_wconf 85' lang='lat' dir='ltr'><strong>quelibet</strong></span> <span class='ocrx_word' id='word_1_32' title='bbox 2963 901 3279 980; x_wconf 87' lang='lat' dir='ltr'><strong>persona</strong></span> <span class='ocrx_word' id='word_1_33' title='bbox 3333 875 3570 979; x_wconf 90' lang='lat' dir='ltr'>possit</span> <span class='ocrx_word' id='word_1_34' title='bbox 3625 873 3798 955; x_wconf 91' lang='lat' dir='ltr'><strong>inde</strong></span> <span class='ocrx_word' id='word_1_35' title='bbox 3836 901 4174 956; x_wconf 89' lang='lat' dir='ltr'><strong>accusare</strong></span> <span class='ocrx_word' id='word_1_36' title='bbox 4213 894 4287 955; x_wconf 92' lang='lat' dir='ltr'><strong>et</strong></span> 
     </span>
     <span class='ocr_line' id='line_1_4' title="bbox 1107 1032 4287 1139; baseline -0.001 -24"><span class='ocrx_word' id='word_1_37' title='bbox 1107 1038 1173 1135; x_wconf 84' lang='lat' dir='ltr'><strong>ei</strong></span> <span class='ocrx_word' id='word_1_38' title='bbox 1232 1037 1648 1116; x_wconf 89' lang='lat' dir='ltr'><strong>iuramento</strong></span> <span class='ocrx_word' id='word_1_39' title='bbox 1704 1034 2059 1115; x_wconf 91' lang='lat' dir='ltr'><strong>credatur</strong></span> <span class='ocrx_word' id='word_1_40' title='bbox 2119 1053 2192 1115; x_wconf 91' lang='lat' dir='ltr'><strong>et</strong></span> <span class='ocrx_word' id='word_1_41' title='bbox 2246 1036 2511 1115; x_wconf 89' lang='lat' dir='ltr'><strong>habeat</strong></span> <span class='ocrx_word' id='word_1_42' title='bbox 2565 1035 2857 1114; x_wconf 86' lang='lat' dir='ltr'><strong>tertiam</strong></span> <span class='ocrx_word' id='word_1_43' title='bbox 2894 1053 3178 1138; x_wconf 89' lang='lat' dir='ltr'><strong>partem</strong></span> <span class='ocrx_word' id='word_1_44' title='bbox 3216 1032 3462 1113; x_wconf 85' lang='lat' dir='ltr'><strong>banni.</strong></span> <span class='ocrx_word' id='word_1_45' title='bbox 3521 1035 3613 1113; x_wconf 88' lang='lat' dir='ltr'><strong>Et</strong></span> <span class='ocrx_word' id='word_1_46' title='bbox 3667 1052 3998 1139; x_wconf 90' lang='lat' dir='ltr'><strong>potestas</strong></span> <span class='ocrx_word' id='word_1_47' title='bbox 4050 1034 4287 1139; x_wconf 91' lang='lat' dir='ltr'><strong>possit</strong></span> 
     </span>
     <span class='ocr_line' id='line_1_5' title="bbox 1107 1190 4287 1337; baseline -0.001 -64"><span class='ocrx_word' id='word_1_48' title='bbox 1107 1193 1280 1274; x_wconf 91' lang='lat' dir='ltr'><strong>inde</strong></span> <span class='ocrx_word' id='word_1_49' title='bbox 1337 1194 1724 1337; x_wconf 90' lang='lat' dir='ltr'><strong>inquirere.</strong></span> <span class='ocrx_word' id='word_1_50' title='bbox 1781 1193 2127 1298; x_wconf 85' lang='lat' dir='ltr'><strong>Exceptis</strong></span> <span class='ocrx_word' id='word_1_51' title='bbox 2208 1190 2517 1272; x_wconf 85' lang='lat' dir='ltr'><strong>ferrariis</strong></span> <span class='ocrx_word' id='word_1_52' title='bbox 2599 1190 2947 1327; x_wconf 80' lang='lat' dir='ltr'><strong>barberiis</strong></span> <span class='ocrx_word' id='word_1_53' title='bbox 3026 1193 3150 1297; x_wconf 93' lang='lat' dir='ltr'><strong>qui</strong></span> <span class='ocrx_word' id='word_1_54' title='bbox 3233 1192 3524 1296; x_wconf 89' lang='lat' dir='ltr'><strong>possint</strong></span> <span class='ocrx_word' id='word_1_55' title='bbox 3585 1209 3832 1316; x_wconf 88' lang='lat' dir='ltr'><strong>petere</strong></span> <span class='ocrx_word' id='word_1_56' title='bbox 3890 1211 3964 1271; x_wconf 92' lang='lat' dir='ltr'><strong>et</strong></span> <span class='ocrx_word' id='word_1_57' title='bbox 3997 1190 4287 1297; x_wconf 80' lang='lat' dir='ltr'><strong>habere</strong></span> 
     </span>
     <span class='ocr_line' id='line_1_6' title="bbox 1106 1320 4285 1499; baseline -0 -69"><span class='ocrx_word' id='word_1_58' title='bbox 1106 1378 1335 1432; x_wconf 88' lang='lat' dir='ltr'><strong>coues</strong></span> <span class='ocrx_word' id='word_1_59' title='bbox 1388 1378 1431 1430; x_wconf 90' lang='lat' dir='ltr'><strong>a</strong></span> <span class='ocrx_word' id='word_1_60' title='bbox 1482 1331 1822 1456; x_wconf 85' lang='lat' dir='ltr'><strong>personis</strong></span> <span class='ocrx_word' id='word_1_61' title='bbox 1875 1351 2141 1456; x_wconf 89' lang='lat' dir='ltr'><strong>quibus</strong></span> <span class='ocrx_word' id='word_1_62' title='bbox 2198 1352 2659 1481; x_wconf 84' lang='lat' dir='ltr'><strong>seruiuerint·</strong></span> <span class='ocrx_word' id='word_1_63' title='bbox 2684 1349 2777 1429; x_wconf 91' lang='lat' dir='ltr'><strong>de</strong></span> <span class='ocrx_word' id='word_1_64' title='bbox 2834 1320 3095 1431; x_wconf 88' lang='lat' dir='ltr'><strong>eorum</strong></span> <span class='ocrx_word' id='word_1_65' title='bbox 3152 1348 3420 1499; x_wconf 90' lang='lat' dir='ltr'><strong>officio</strong></span> <span class='ocrx_word' id='word_1_66' title='bbox 3466 1368 3540 1429; x_wconf 91' lang='lat' dir='ltr'><strong>et</strong></span> <span class='ocrx_word' id='word_1_67' title='bbox 3583 1351 3749 1467; x_wconf 75' lang='lat' dir='ltr'><strong>non</strong></span> <span class='ocrx_word' id='word_1_68' title='bbox 3791 1350 3897 1457; x_wconf 80' lang='lat' dir='ltr'><strong>&#39;ab</strong></span> <span class='ocrx_word' id='word_1_69' title='bbox 3953 1349 4130 1430; x_wconf 79' lang='lat' dir='ltr'><strong>aliis·</strong></span> <span class='ocrx_word' id='word_1_70' title='bbox 4151 1348 4285 1430; x_wconf 79' lang='lat' dir='ltr'><strong>sub</strong></span> 
     </span>
     <span class='ocr_line' id='line_1_7' title="bbox 1107 1490 3924 1613; baseline -0.001 -23"><span class='ocrx_word' id='word_1_71' title='bbox 1107 1509 1368 1590; x_wconf 90' lang='lat' dir='ltr'><strong>eadem</strong></span> <span class='ocrx_word' id='word_1_72' title='bbox 1424 1537 1634 1613; x_wconf 90' lang='lat' dir='ltr'><strong>pena.</strong></span> <span class='ocrx_word' id='word_1_73' title='bbox 3088 1490 3095 1501; x_wconf 39' lang='lat'>⁸</span> <span class='ocrx_word' id='word_1_74' title='bbox 3919 1502 3924 1507; x_wconf 69' lang='grc'><em>’</em></span> 
     </span>
    </p>
   </div>
   <div class='ocr_carea' id='block_1_2' title="bbox 717 1958 4276 2281">
    <p class='ocr_par' dir='ltr' id='par_1_2' title="bbox 717 1958 4276 2281">
     <span class='ocr_line' id='line_1_8' title="bbox 717 1958 4276 2173; baseline -0.002 -60"><span class='ocrx_word' id='word_1_75' title='bbox 717 2037 816 2114; x_wconf 88' lang='lat'><strong>28</strong></span> <span class='ocrx_word' id='word_1_76' title='bbox 832 2059 863 2113; x_wconf 96' lang='lat'>1</span> <span class='ocrx_word' id='word_1_77' title='bbox 1094 1958 1501 2173; x_wconf 74' lang='lat' dir='ltr'><strong>QOD</strong></span> <span class='ocrx_word' id='word_1_78' title='bbox 1552 2034 1979 2121; x_wconf 87' lang='lat' dir='ltr'>LEAMEN</span> <span class='ocrx_word' id='word_1_79' title='bbox 2058 2032 2657 2119; x_wconf 89' lang='lat' dir='ltr'>GURGORUM</span> <span class='ocrx_word' id='word_1_80' title='bbox 2757 2035 2892 2144; x_wconf 85' lang='lat'><strong>(2)</strong></span> <span class='ocrx_word' id='word_1_81' title='bbox 2948 2031 3298 2114; x_wconf 92' lang='lat' dir='ltr'><strong>DETUR</strong></span> <span class='ocrx_word' id='word_1_82' title='bbox 3361 2029 3572 2113; x_wconf 93' lang='lat' dir='ltr'><strong>PRO</strong></span> <span class='ocrx_word' id='word_1_83' title='bbox 3626 2027 4062 2112; x_wconf 89' lang='lat' dir='ltr'><strong>PUTHEIS</strong></span> <span class='ocrx_word' id='word_1_84' title='bbox 4114 2025 4276 2112; x_wconf 90' lang='lat' dir='ltr'><strong>AP-</strong></span> 
     </span>
     <span class='ocr_line' id='line_1_9' title="bbox 1406 2194 2087 2281; baseline -0.007 0"><span class='ocrx_word' id='word_1_85' title='bbox 1406 2194 1812 2281; x_wconf 91' lang='lat' dir='ltr'><strong>TANDIS.</strong></span> <span class='ocrx_word' id='word_1_86' title='bbox 2080 2231 2087 2237; x_wconf 53' lang='grc'><em>’</em></span> 
     </span>
    </p>
   </div>
   <div class='ocr_carea' id='block_1_3' title="bbox 1217 2409 1415 2624">
    <p class='ocr_par' dir='ltr' id='par_1_3' title="bbox 1217 2409 1415 2624">
     <span class='ocr_line' id='line_1_10' title="bbox 1217 2409 1415 2624; baseline 0 4210"><span class='ocrx_word' id='word_1_87' title='bbox 1217 2409 1415 2624; x_wconf 95' lang='lat' dir='ltr'><strong> </strong></span> 
     </span>
    </p>
   </div>
   <div class='ocr_carea' id='block_1_4' title="bbox 1112 2490 4312 5649">
    <p class='ocr_par' dir='ltr' id='par_1_4' title="bbox 1112 2467 4312 5649">
     <span class='ocr_line' id='line_1_11' title="bbox 1239 2490 4293 2616; baseline 0 -26"><span class='ocrx_word' id='word_1_88' title='bbox 1239 2542 1294 2590; x_wconf 82' lang='lat'><strong>5·</strong></span> <span class='ocrx_word' id='word_1_89' title='bbox 1428 2537 1583 2592; x_wconf 83' lang='lat' dir='ltr'><strong>TEM</strong></span> <span class='ocrx_word' id='word_1_90' title='bbox 1648 2530 2006 2592; x_wconf 88' lang='lat' dir='ltr'><strong>statutum</strong></span> <span class='ocrx_word' id='word_1_91' title='bbox 2088 2529 2199 2591; x_wconf 90' lang='lat' dir='ltr'><strong>est</strong></span> <span class='ocrx_word' id='word_1_92' title='bbox 2280 2510 2482 2615; x_wconf 93' lang='lat' dir='ltr'><strong>quod</strong></span> <span class='ocrx_word' id='word_1_93' title='bbox 2539 2510 2751 2591; x_wconf 91' lang='lat' dir='ltr'><strong>detur</strong></span> <span class='ocrx_word' id='word_1_94' title='bbox 2807 2490 3098 2590; x_wconf 88' lang='lat' dir='ltr'><strong>leamen</strong></span> <span class='ocrx_word' id='word_1_95' title='bbox 3154 2509 3357 2616; x_wconf 94' lang='lat' dir='ltr'><strong>quod</strong></span> <span class='ocrx_word' id='word_1_96' title='bbox 3414 2528 3526 2591; x_wconf 88' lang='lat' dir='ltr'><strong>est</strong></span> <span class='ocrx_word' id='word_1_97' title='bbox 3582 2511 3658 2590; x_wconf 91' lang='lat' dir='ltr'><strong>in</strong></span> <span class='ocrx_word' id='word_1_98' title='bbox 3723 2512 4006 2615; x_wconf 87' lang='lat' dir='ltr'><strong>gurgis.</strong></span> <span class='ocrx_word' id='word_1_99' title='bbox 4093 2509 4293 2590; x_wconf 91' lang='lat' dir='ltr'><strong>uide-</strong></span> 
     </span>
     <span class='ocr_line' id='line_1_12' title="bbox 1112 2668 4291 2775; baseline -0 -25"><span class='ocrx_word' id='word_1_100' title='bbox 1112 2669 1280 2751; x_wconf 89' lang='lat' dir='ltr'><strong>licet</strong></span> <span class='ocrx_word' id='word_1_101' title='bbox 1335 2699 1377 2751; x_wconf 89' lang='lat' dir='ltr'><strong>a</strong></span> <span class='ocrx_word' id='word_1_102' title='bbox 1434 2670 1671 2751; x_wconf 92' lang='lat' dir='ltr'><strong>domo</strong></span> <span class='ocrx_word' id='word_1_103' title='bbox 1728 2670 2062 2750; x_wconf 90' lang='lat' dir='ltr'><strong>laurentii</strong></span> <span class='ocrx_word' id='word_1_104' title='bbox 2102 2668 2209 2769; x_wconf 12' lang='lat' dir='ltr'><strong>‘de</strong></span> <span class='ocrx_word' id='word_1_105' title='bbox 2265 2671 2487 2749; x_wconf 89' lang='lat' dir='ltr'><strong>matis</strong></span> <span class='ocrx_word' id='word_1_106' title='bbox 2542 2696 2774 2775; x_wconf 88' lang='lat' dir='ltr'><strong>usque</strong></span> <span class='ocrx_word' id='word_1_107' title='bbox 2831 2668 2923 2749; x_wconf 92' lang='lat' dir='ltr'><strong>ad</strong></span> <span class='ocrx_word' id='word_1_108' title='bbox 2977 2688 3291 2773; x_wconf 90' lang='lat' dir='ltr'><strong>pontem</strong></span> <span class='ocrx_word' id='word_1_109' title='bbox 3364 2695 3811 2773; x_wconf 89' lang='lat' dir='ltr'><strong>cognorum.</strong></span> <span class='ocrx_word' id='word_1_110' title='bbox 3871 2687 3945 2749; x_wconf 89' lang='lat' dir='ltr'><strong>et</strong></span> <span class='ocrx_word' id='word_1_111' title='bbox 4001 2668 4291 2749; x_wconf 89' lang='lat' dir='ltr'><strong>leamen</strong></span> 
     </span>
     <span class='ocr_line' id='line_1_13' title="bbox 1113 2780 4294 2934; baseline -0.001 -25"><span class='ocrx_word' id='word_1_112' title='bbox 1113 2830 1315 2934; x_wconf 90' lang='lat' dir='ltr'><strong>quod</strong></span> <span class='ocrx_word' id='word_1_113' title='bbox 1375 2829 1511 2908; x_wconf 91' lang='lat' dir='ltr'><strong>erit</strong></span> <span class='ocrx_word' id='word_1_114' title='bbox 1566 2829 1642 2908; x_wconf 92' lang='lat' dir='ltr'><strong>in</strong></span> <span class='ocrx_word' id='word_1_115' title='bbox 1698 2829 1819 2908; x_wconf 90' lang='lat' dir='ltr'><strong>uia</strong></span> <span class='ocrx_word' id='word_1_116' title='bbox 1872 2828 2160 2934; x_wconf 90' lang='lat' dir='ltr'><strong>publica</strong></span> <span class='ocrx_word' id='word_1_117' title='bbox 2214 2856 2255 2907; x_wconf 91' lang='lat' dir='ltr'><strong>a</strong></span> <span class='ocrx_word' id='word_1_118' title='bbox 2310 2828 2548 2909; x_wconf 92' lang='lat' dir='ltr'><strong>domo</strong></span> <span class='ocrx_word' id='word_1_119' title='bbox 2605 2827 2873 2932; x_wconf 89' lang='lat' dir='ltr'><strong>oglerii</strong></span> <span class='ocrx_word' id='word_1_120' title='bbox 2924 2826 3244 2907; x_wconf 89' lang='lat' dir='ltr'><strong>ballochi</strong></span> <span class='ocrx_word' id='word_1_121' title='bbox 3273 2780 3532 2932; x_wconf 66' lang='lat' dir='ltr'><strong>⁸usque</strong></span> <span class='ocrx_word' id='word_1_122' title='bbox 3589 2826 3681 2907; x_wconf 87' lang='lat' dir='ltr'><strong>ad</strong></span> <span class='ocrx_word' id='word_1_123' title='bbox 3735 2847 4031 2933; x_wconf 90' lang='lat' dir='ltr'><strong>portam</strong></span> <span class='ocrx_word' id='word_1_124' title='bbox 4086 2854 4294 2932; x_wconf 88' lang='lat' dir='ltr'><strong>supe·</strong></span> 
     </span>
     <span class='ocr_line' id='line_1_14' title="bbox 1112 2984 4295 3092; baseline -0 -26"><span class='ocrx_word' id='word_1_125' title='bbox 1112 2987 1387 3068; x_wconf 91' lang='lat' dir='ltr'><strong>riorem</strong></span> <span class='ocrx_word' id='word_1_126' title='bbox 1443 3014 1570 3092; x_wconf 91' lang='lat' dir='ltr'><strong>per</strong></span> <span class='ocrx_word' id='word_1_127' title='bbox 1626 3006 1908 3066; x_wconf 86' lang='lat' dir='ltr'><strong>ruatam</strong></span> <span class='ocrx_word' id='word_1_128' title='bbox 1969 3012 2259 3066; x_wconf 89' lang='lat' dir='ltr'><strong>summe</strong></span> <span class='ocrx_word' id='word_1_129' title='bbox 2315 2987 2468 3089; x_wconf 90' lang='lat' dir='ltr'><strong>ripe</strong></span> <span class='ocrx_word' id='word_1_130' title='bbox 2524 2984 2742 3066; x_wconf 91' lang='lat' dir='ltr'><strong>alicui</strong></span> <span class='ocrx_word' id='word_1_131' title='bbox 2796 3012 3112 3092; x_wconf 90' lang='lat' dir='ltr'><strong>persone</strong></span> <span class='ocrx_word' id='word_1_132' title='bbox 3169 3012 3298 3066; x_wconf 91' lang='lat' dir='ltr'><strong>seu</strong></span> <span class='ocrx_word' id='word_1_133' title='bbox 3353 2986 3692 3090; x_wconf 88' lang='lat' dir='ltr'><strong>personis</strong></span> <span class='ocrx_word' id='word_1_134' title='bbox 3728 2986 3853 3091; x_wconf 93' lang='lat' dir='ltr'><strong>qui</strong></span> <span class='ocrx_word' id='word_1_135' title='bbox 3910 3003 4295 3066; x_wconf 89' lang='lat' dir='ltr'><strong>teneantur</strong></span> 
     </span>
     <span class='ocr_line' id='line_1_15' title="bbox 1116 3120 4295 3271; baseline -0.001 -45"><span class='ocrx_word' id='word_1_136' title='bbox 1116 3165 1189 3226; x_wconf 92' lang='lat' dir='ltr'><strong>et</strong></span> <span class='ocrx_word' id='word_1_137' title='bbox 1234 3144 1552 3226; x_wconf 89' lang='lat' dir='ltr'><strong>debeant</strong></span> <span class='ocrx_word' id='word_1_138' title='bbox 1609 3163 2089 3226; x_wconf 91' lang='lat' dir='ltr'><strong>manutenere</strong></span> <span class='ocrx_word' id='word_1_139' title='bbox 2126 3162 2431 3249; x_wconf 91' lang='lat' dir='ltr'><strong>puteum</strong></span> <span class='ocrx_word' id='word_1_140' title='bbox 2469 3162 2681 3249; x_wconf 87' lang='lat' dir='ltr'><strong>quart</strong></span> <span class='ocrx_word' id='word_1_141' title='bbox 2719 3144 2848 3225; x_wconf 91' lang='lat' dir='ltr'><strong>erii</strong></span> <span class='ocrx_word' id='word_1_142' title='bbox 2888 3163 3139 3224; x_wconf 90' lang='lat' dir='ltr'><strong>sancte</strong></span> <span class='ocrx_word' id='word_1_143' title='bbox 3177 3144 3406 3227; x_wconf 81' lang='lat' dir='ltr'><strong>marie</strong></span> <span class='ocrx_word' id='word_1_144' title='bbox 3445 3144 3635 3271; x_wconf 73' lang='lat' dir='ltr'><strong>bene</strong></span> <span class='ocrx_word' id='word_1_145' title='bbox 3673 3162 3756 3268; x_wconf 79' lang='lat' dir='ltr'><strong>et</strong></span> <span class='ocrx_word' id='word_1_146' title='bbox 3784 3120 4295 3263; x_wconf 80' lang='lat' dir='ltr'><strong>competenter</strong></span> 
     </span>
     <span class='ocr_line' id='line_1_16' title="bbox 1112 3258 4288 3419; baseline -0.001 -35"><span class='ocrx_word' id='word_1_147' title='bbox 1112 3322 1465 3410; x_wconf 88' lang='lat' dir='ltr'><strong>aptatum.</strong></span> <span class='ocrx_word' id='word_1_148' title='bbox 1524 3306 1625 3384; x_wconf 92' lang='lat' dir='ltr'><strong>ita</strong></span> <span class='ocrx_word' id='word_1_149' title='bbox 1661 3303 1866 3408; x_wconf 92' lang='lat' dir='ltr'><strong>quod</strong></span> <span class='ocrx_word' id='word_1_150' title='bbox 1924 3330 2212 3408; x_wconf 88' lang='lat' dir='ltr'><strong>semper</strong></span> <span class='ocrx_word' id='word_1_151' title='bbox 2252 3322 2326 3384; x_wconf 94' lang='lat' dir='ltr'><strong>et</strong></span> <span class='ocrx_word' id='word_1_152' title='bbox 2362 3303 2717 3383; x_wconf 88' lang='lat' dir='ltr'><strong>continue</strong></span> <span class='ocrx_word' id='word_1_153' title='bbox 2770 3304 3008 3409; x_wconf 90' lang='lat' dir='ltr'><strong>possit</strong></span> <span class='ocrx_word' id='word_1_154' title='bbox 3073 3303 3359 3383; x_wconf 86' lang='lat' dir='ltr'><strong>extrahi</strong></span> <span class='ocrx_word' id='word_1_155' title='bbox 3415 3330 3602 3408; x_wconf 90' lang='lat' dir='ltr'><strong>aqua</strong></span> <span class='ocrx_word' id='word_1_156' title='bbox 3638 3258 3734 3384; x_wconf 86' lang='lat' dir='ltr'><strong>de</strong></span> <span class='ocrx_word' id='word_1_157' title='bbox 3772 3301 3977 3384; x_wconf 91' lang='lat' dir='ltr'><strong>dicto</strong></span> <span class='ocrx_word' id='word_1_158' title='bbox 4031 3323 4288 3419; x_wconf 79' lang='lat' dir='ltr'><strong>puteo,</strong></span> 
     </span>
     <span class='ocr_line' id='line_1_17' title="bbox 1119 3461 4295 3583; baseline 0 -41"><span class='ocrx_word' id='word_1_159' title='bbox 1119 3461 1471 3542; x_wconf 90' lang='lat' dir='ltr'><strong>omnibus</strong></span> <span class='ocrx_word' id='word_1_160' title='bbox 1526 3463 1869 3569; x_wconf 87' lang='lat' dir='ltr'><strong>expensis</strong></span> <span class='ocrx_word' id='word_1_161' title='bbox 1924 3461 2117 3543; x_wconf 93' lang='lat' dir='ltr'><strong>dicte</strong></span> <span class='ocrx_word' id='word_1_162' title='bbox 2199 3488 2515 3566; x_wconf 90' lang='lat' dir='ltr'><strong>persone</strong></span> <span class='ocrx_word' id='word_1_163' title='bbox 2598 3463 2754 3541; x_wconf 90' lang='lat' dir='ltr'><strong>siue</strong></span> <span class='ocrx_word' id='word_1_164' title='bbox 2837 3461 3199 3542; x_wconf 89' lang='lat' dir='ltr'><strong>dictarum</strong></span> <span class='ocrx_word' id='word_1_165' title='bbox 3279 3487 3787 3568; x_wconf 86' lang='lat' dir='ltr'><strong>personarum.</strong></span> <span class='ocrx_word' id='word_1_166' title='bbox 3848 3462 4034 3563; x_wconf 85' lang='lat' dir='ltr'><strong>Item</strong></span> <span class='ocrx_word' id='word_1_167' title='bbox 4091 3461 4295 3583; x_wconf 86' lang='lat' dir='ltr'><strong>quod</strong></span> 
     </span>
     <span class='ocr_line' id='line_1_18' title="bbox 1119 3582 4298 3726; baseline -0.001 -24"><span class='ocrx_word' id='word_1_168' title='bbox 1119 3621 1332 3702; x_wconf 89' lang='lat' dir='ltr'><strong>detur</strong></span> <span class='ocrx_word' id='word_1_169' title='bbox 1388 3620 1678 3701; x_wconf 90' lang='lat' dir='ltr'><strong>leamen</strong></span> <span class='ocrx_word' id='word_1_170' title='bbox 1733 3650 1775 3701; x_wconf 91' lang='lat' dir='ltr'><strong>a</strong></span> <span class='ocrx_word' id='word_1_171' title='bbox 1829 3621 2034 3702; x_wconf 91' lang='lat' dir='ltr'><strong>dicto</strong></span> <span class='ocrx_word' id='word_1_172' title='bbox 2088 3639 2319 3725; x_wconf 90' lang='lat' dir='ltr'><strong>ponte</strong></span> <span class='ocrx_word' id='word_1_173' title='bbox 2375 3646 2607 3726; x_wconf 90' lang='lat' dir='ltr'><strong>usque</strong></span> <span class='ocrx_word' id='word_1_174' title='bbox 2649 3619 2782 3699; x_wconf 78' lang='lat' dir='ltr'><strong>-ad</strong></span> <span class='ocrx_word' id='word_1_175' title='bbox 2866 3622 3160 3700; x_wconf 89' lang='lat' dir='ltr'><strong>furnum</strong></span> <span class='ocrx_word' id='word_1_176' title='bbox 3245 3619 3684 3700; x_wconf 91' lang='lat' dir='ltr'><strong>scaficorum</strong></span> <span class='ocrx_word' id='word_1_177' title='bbox 3766 3620 3970 3724; x_wconf 93' lang='lat' dir='ltr'><strong>quod</strong></span> <span class='ocrx_word' id='word_1_178' title='bbox 4029 3582 4164 3700; x_wconf 85' lang='lat' dir='ltr'><strong>erit</strong></span> <span class='ocrx_word' id='word_1_179' title='bbox 4221 3621 4298 3700; x_wconf 92' lang='lat' dir='ltr'><strong>in</strong></span> 
     </span>
     <span class='ocr_line' id='line_1_19' title="bbox 1119 3777 4298 3885; baseline -0 -26"><span class='ocrx_word' id='word_1_180' title='bbox 1119 3780 1382 3885; x_wconf 86' lang='lat' dir='ltr'><strong>gurgis</strong></span> <span class='ocrx_word' id='word_1_181' title='bbox 1436 3779 1632 3859; x_wconf 88' lang='lat' dir='ltr'><strong>dicte</strong></span> <span class='ocrx_word' id='word_1_182' title='bbox 1687 3796 1890 3858; x_wconf 82' lang='lat' dir='ltr'><strong>tuate</strong></span> <span class='ocrx_word' id='word_1_183' title='bbox 1946 3777 2161 3858; x_wconf 89' lang='lat' dir='ltr'><strong>alicui</strong></span> <span class='ocrx_word' id='word_1_184' title='bbox 2214 3803 2532 3883; x_wconf 90' lang='lat' dir='ltr'><strong>persone</strong></span> <span class='ocrx_word' id='word_1_185' title='bbox 2616 3804 2745 3858; x_wconf 90' lang='lat' dir='ltr'><strong>seu</strong></span> <span class='ocrx_word' id='word_1_186' title='bbox 2827 3780 3166 3883; x_wconf 89' lang='lat' dir='ltr'><strong>personis</strong></span> <span class='ocrx_word' id='word_1_187' title='bbox 3228 3779 3353 3883; x_wconf 92' lang='lat' dir='ltr'><strong>qui</strong></span> <span class='ocrx_word' id='word_1_188' title='bbox 3409 3795 3796 3858; x_wconf 89' lang='lat' dir='ltr'><strong>teneantur</strong></span> <span class='ocrx_word' id='word_1_189' title='bbox 3853 3797 3927 3858; x_wconf 92' lang='lat' dir='ltr'><strong>et</strong></span> <span class='ocrx_word' id='word_1_190' title='bbox 3981 3778 4298 3859; x_wconf 87' lang='lat' dir='ltr'><strong>debeant</strong></span> 
     </span>
     <span class='ocr_line' id='line_1_20' title="bbox 1118 3935 4295 4057; baseline -0.001 -38"><span class='ocrx_word' id='word_1_191' title='bbox 1118 3956 1598 4019; x_wconf 88' lang='lat' dir='ltr'><strong>manutenere</strong></span> <span class='ocrx_word' id='word_1_192' title='bbox 1653 3937 2012 4043; x_wconf 87' lang='lat' dir='ltr'><strong>putheum</strong></span> <span class='ocrx_word' id='word_1_193' title='bbox 2065 3936 2408 4041; x_wconf 89' lang='lat' dir='ltr'><strong>quarterii</strong></span> <span class='ocrx_word' id='word_1_194' title='bbox 2445 3935 2696 4057; x_wconf 80' lang='lat' dir='ltr'><strong>Sancti</strong></span> <span class='ocrx_word' id='word_1_195' title='bbox 2731 3937 2995 4041; x_wconf 90' lang='lat' dir='ltr'><strong>Jorgii.</strong></span> <span class='ocrx_word' id='word_1_196' title='bbox 3037 3937 3226 4016; x_wconf 87' lang='lat' dir='ltr'><strong>Item</strong></span> <span class='ocrx_word' id='word_1_197' title='bbox 3284 3935 3495 4016; x_wconf 90' lang='lat' dir='ltr'><strong>detur</strong></span> <span class='ocrx_word' id='word_1_198' title='bbox 3531 3935 3824 4017; x_wconf 88' lang='lat' dir='ltr'><strong>leamen</strong></span> <span class='ocrx_word' id='word_1_199' title='bbox 3880 3964 4295 4042; x_wconf 89' lang='lat' dir='ltr'><strong>gurgorum</strong></span> 
     </span>
     <span class='ocr_line' id='line_1_21' title="bbox 1115 4060 4292 4202; baseline 0 -25"><span class='ocrx_word' id='word_1_200' title='bbox 1115 4124 1156 4176; x_wconf 97' lang='lat' dir='ltr'><strong>a</strong></span> <span class='ocrx_word' id='word_1_201' title='bbox 1211 4098 1451 4177; x_wconf 90' lang='lat' dir='ltr'><strong>domo</strong></span> <span class='ocrx_word' id='word_1_202' title='bbox 1505 4095 1774 4177; x_wconf 87' lang='lat' dir='ltr'><strong>Oberti</strong></span> <span class='ocrx_word' id='word_1_203' title='bbox 1829 4060 2141 4177; x_wconf 83' lang='lat' dir='ltr'><strong>carnalie</strong></span> <span class='ocrx_word' id='word_1_204' title='bbox 2198 4094 2498 4176; x_wconf 88' lang='lat' dir='ltr'><strong>inferius</strong></span> <span class='ocrx_word' id='word_1_205' title='bbox 2551 4122 2784 4201; x_wconf 88' lang='lat' dir='ltr'><strong>usque</strong></span> <span class='ocrx_word' id='word_1_206' title='bbox 2839 4095 2929 4176; x_wconf 90' lang='lat' dir='ltr'><strong>ad</strong></span> <span class='ocrx_word' id='word_1_207' title='bbox 2987 4094 3306 4176; x_wconf 92' lang='lat' dir='ltr'><strong>domum</strong></span> <span class='ocrx_word' id='word_1_208' title='bbox 3389 4093 3647 4201; x_wconf 92' lang='lat' dir='ltr'><strong>philipi</strong></span> <span class='ocrx_word' id='word_1_209' title='bbox 3719 4097 4032 4176; x_wconf 89' lang='lat' dir='ltr'><strong>morcati</strong></span> <span class='ocrx_word' id='word_1_210' title='bbox 4088 4096 4292 4202; x_wconf 92' lang='lat' dir='ltr'><strong>quod</strong></span> 
     </span>
     <span class='ocr_line' id='line_1_22' title="bbox 1119 4253 4292 4364; baseline 0 -29"><span class='ocrx_word' id='word_1_211' title='bbox 1119 4256 1254 4336; x_wconf 91' lang='lat' dir='ltr'><strong>erit</strong></span> <span class='ocrx_word' id='word_1_212' title='bbox 1293 4274 1368 4336; x_wconf 89' lang='lat' dir='ltr'><strong>et</strong></span> <span class='ocrx_word' id='word_1_213' title='bbox 1405 4255 1684 4336; x_wconf 90' lang='lat' dir='ltr'><strong>extrahi</strong></span> <span class='ocrx_word' id='word_1_214' title='bbox 1723 4258 1994 4361; x_wconf 90' lang='lat' dir='ltr'><strong>poterit</strong></span> <span class='ocrx_word' id='word_1_215' title='bbox 2022 4254 2114 4335; x_wconf 91' lang='lat' dir='ltr'><strong>de</strong></span> <span class='ocrx_word' id='word_1_216' title='bbox 2153 4254 2369 4338; x_wconf 90' lang='lat' dir='ltr'><strong>dictis</strong></span> <span class='ocrx_word' id='word_1_217' title='bbox 2406 4256 2670 4364; x_wconf 88' lang='lat' dir='ltr'><strong>gurgis</strong></span> <span class='ocrx_word' id='word_1_218' title='bbox 2704 4254 2900 4336; x_wconf 83' lang='lat' dir='ltr'><strong>dicte</strong></span> <span class='ocrx_word' id='word_1_219' title='bbox 2937 4272 3141 4335; x_wconf 82' lang='lat' dir='ltr'><strong>tuate</strong></span> <span class='ocrx_word' id='word_1_220' title='bbox 3178 4253 3393 4336; x_wconf 89' lang='lat' dir='ltr'><strong>alicui</strong></span> <span class='ocrx_word' id='word_1_221' title='bbox 3431 4280 3748 4359; x_wconf 89' lang='lat' dir='ltr'><strong>persone</strong></span> <span class='ocrx_word' id='word_1_222' title='bbox 3777 4282 3919 4360; x_wconf 92' lang='lat' dir='ltr'><strong>que</strong></span> <span class='ocrx_word' id='word_1_223' title='bbox 3959 4273 4292 4335; x_wconf 90' lang='lat' dir='ltr'><strong>teneatur</strong></span> 
     </span>
     <span class='ocr_line' id='line_1_23' title="bbox 1122 4413 4300 4521; baseline -0 -26"><span class='ocrx_word' id='word_1_224' title='bbox 1122 4431 1197 4495; x_wconf 90' lang='lat' dir='ltr'><strong>et</strong></span> <span class='ocrx_word' id='word_1_225' title='bbox 1234 4413 1505 4494; x_wconf 89' lang='lat' dir='ltr'><strong>debeat</strong></span> <span class='ocrx_word' id='word_1_226' title='bbox 1559 4433 2039 4496; x_wconf 89' lang='lat' dir='ltr'><strong>manutenere</strong></span> <span class='ocrx_word' id='word_1_227' title='bbox 2094 4414 2454 4521; x_wconf 87' lang='lat' dir='ltr'><strong>putheum</strong></span> <span class='ocrx_word' id='word_1_228' title='bbox 2491 4415 2732 4521; x_wconf 88' lang='lat' dir='ltr'><strong>platee</strong></span> <span class='ocrx_word' id='word_1_229' title='bbox 2770 4418 3245 4497; x_wconf 89' lang='lat' dir='ltr'><strong>baennarum.</strong></span> <span class='ocrx_word' id='word_1_230' title='bbox 3286 4416 3474 4496; x_wconf 88' lang='lat' dir='ltr'><strong>Item</strong></span> <span class='ocrx_word' id='word_1_231' title='bbox 3515 4415 3719 4521; x_wconf 92' lang='lat' dir='ltr'><strong>quod</strong></span> <span class='ocrx_word' id='word_1_232' title='bbox 3757 4414 3971 4496; x_wconf 91' lang='lat' dir='ltr'><strong>detur</strong></span> <span class='ocrx_word' id='word_1_233' title='bbox 4007 4413 4300 4496; x_wconf 90' lang='lat' dir='ltr'><strong>leamen</strong></span> 
     </span>
     <span class='ocr_line' id='line_1_24' title="bbox 1123 4570 4300 4682; baseline 0.001 -30"><span class='ocrx_word' id='word_1_234' title='bbox 1123 4571 1333 4678; x_wconf 94' lang='lat' dir='ltr'><strong>quod</strong></span> <span class='ocrx_word' id='word_1_235' title='bbox 1394 4570 1531 4652; x_wconf 91' lang='lat' dir='ltr'><strong>erit</strong></span> <span class='ocrx_word' id='word_1_236' title='bbox 1585 4591 1659 4652; x_wconf 90' lang='lat' dir='ltr'><strong>et</strong></span> <span class='ocrx_word' id='word_1_237' title='bbox 1714 4573 1997 4653; x_wconf 86' lang='lat' dir='ltr'><strong>extrahi</strong></span> <span class='ocrx_word' id='word_1_238' title='bbox 2049 4575 2325 4677; x_wconf 88' lang='lat' dir='ltr'><strong>poterit</strong></span> <span class='ocrx_word' id='word_1_239' title='bbox 2380 4575 2472 4654; x_wconf 91' lang='lat' dir='ltr'><strong>de</strong></span> <span class='ocrx_word' id='word_1_240' title='bbox 2530 4575 2794 4680; x_wconf 88' lang='lat' dir='ltr'><strong>gurgis</strong></span> <span class='ocrx_word' id='word_1_241' title='bbox 2866 4601 3008 4679; x_wconf 91' lang='lat' dir='ltr'><strong>que</strong></span> <span class='ocrx_word' id='word_1_242' title='bbox 3066 4576 3266 4682; x_wconf 56' lang='lat' dir='ltr'><strong>[sunt</strong></span> <span class='ocrx_word' id='word_1_243' title='bbox 3320 4602 3363 4654; x_wconf 89' lang='lat' dir='ltr'><strong>a</strong></span> <span class='ocrx_word' id='word_1_244' title='bbox 3418 4574 3655 4655; x_wconf 92' lang='lat' dir='ltr'><strong>domo</strong></span> <span class='ocrx_word' id='word_1_245' title='bbox 3739 4573 4102 4655; x_wconf 89' lang='lat' dir='ltr'><strong>heredum</strong></span> <span class='ocrx_word' id='word_1_246' title='bbox 4168 4574 4300 4656; x_wconf 79' lang='lat' dir='ltr'><strong>od</strong></span> 
     </span>
     <span class='ocr_line' id='line_1_25' title="bbox 1124 4714 4304 4838; baseline 0.001 -28"><span class='ocrx_word' id='word_1_247' title='bbox 1124 4729 1346 4815; x_wconf 88' lang='lat' dir='ltr'><strong>donis</strong></span> <span class='ocrx_word' id='word_1_248' title='bbox 1401 4729 1495 4815; x_wconf 88' lang='lat' dir='ltr'><strong>de</strong></span> <span class='ocrx_word' id='word_1_249' title='bbox 1552 4749 2059 4836; x_wconf 89' lang='lat' dir='ltr'><strong>costamagna.</strong></span> <span class='ocrx_word' id='word_1_250' title='bbox 2143 4758 2376 4838; x_wconf 91' lang='lat' dir='ltr'><strong>usque</strong></span> <span class='ocrx_word' id='word_1_251' title='bbox 2430 4733 2523 4813; x_wconf 86' lang='lat' dir='ltr'><strong>ad</strong></span> <span class='ocrx_word' id='word_1_252' title='bbox 2580 4723 2897 4814; x_wconf 85' lang='lat' dir='ltr'><strong>domum</strong></span> <span class='ocrx_word' id='word_1_253' title='bbox 2975 4733 3268 4814; x_wconf 87' lang='lat' dir='ltr'><strong>Sicardi-</strong></span> <span class='ocrx_word' id='word_1_254' title='bbox 3337 4732 3757 4814; x_wconf 72' lang='lat' dir='ltr'><strong>macellarii.</strong></span> <span class='ocrx_word' id='word_1_255' title='bbox 3833 4714 3914 4814; x_wconf 46' lang='lat' dir='ltr'><strong>et&#39;</strong></span> <span class='ocrx_word' id='word_1_256' title='bbox 3962 4732 4013 4814; x_wconf 76' lang='lat' dir='ltr'><strong>&#39;a</strong></span> <span class='ocrx_word' id='word_1_257' title='bbox 4060 4726 4304 4833; x_wconf 71' lang='lat' dir='ltr'><strong>domo</strong></span> 
     </span>
     <span class='ocr_line' id='line_1_26' title="bbox 1120 4888 4306 5008; baseline 0.001 -39"><span class='ocrx_word' id='word_1_258' title='bbox 1120 4890 1311 4994; x_wconf 86' lang='lat' dir='ltr'><strong>petri</strong></span> <span class='ocrx_word' id='word_1_259' title='bbox 1370 4888 1675 4971; x_wconf 87' lang='lat' dir='ltr'><strong>barberii</strong></span> <span class='ocrx_word' id='word_1_260' title='bbox 1732 4916 1963 4995; x_wconf 89' lang='lat' dir='ltr'><strong>usque</strong></span> <span class='ocrx_word' id='word_1_261' title='bbox 2001 4889 2094 4970; x_wconf 87' lang='lat' dir='ltr'><strong>ad</strong></span> <span class='ocrx_word' id='word_1_262' title='bbox 2132 4889 2449 4971; x_wconf 92' lang='lat' dir='ltr'><strong>domum</strong></span> <span class='ocrx_word' id='word_1_263' title='bbox 2504 4890 2783 4972; x_wconf 90' lang='lat' dir='ltr'><strong>henrici</strong></span> <span class='ocrx_word' id='word_1_264' title='bbox 2820 4889 3146 4996; x_wconf 91' lang='lat' dir='ltr'><strong>goselmi</strong></span> <span class='ocrx_word' id='word_1_265' title='bbox 3180 4890 3399 4972; x_wconf 88' lang='lat' dir='ltr'><strong>alicui</strong></span> <span class='ocrx_word' id='word_1_266' title='bbox 3436 4919 3751 4997; x_wconf 89' lang='lat' dir='ltr'><strong>persone</strong></span> <span class='ocrx_word' id='word_1_267' title='bbox 3789 4903 3933 4998; x_wconf 92' lang='lat' dir='ltr'><strong>que</strong></span> <span class='ocrx_word' id='word_1_268' title='bbox 3970 4912 4306 5008; x_wconf 86' lang='lat' dir='ltr'><strong>teneatur</strong></span> 
     </span>
     <span class='ocr_line' id='line_1_27' title="bbox 1125 5046 4301 5156; baseline 0.002 -29"><span class='ocrx_word' id='word_1_269' title='bbox 1125 5064 1200 5127; x_wconf 91' lang='lat' dir='ltr'><strong>et</strong></span> <span class='ocrx_word' id='word_1_270' title='bbox 1258 5046 1524 5130; x_wconf 89' lang='lat' dir='ltr'><strong>debeat</strong></span> <span class='ocrx_word' id='word_1_271' title='bbox 1579 5068 2060 5130; x_wconf 85' lang='lat' dir='ltr'><strong>manutenere</strong></span> <span class='ocrx_word' id='word_1_272' title='bbox 2115 5049 2474 5154; x_wconf 90' lang='lat' dir='ltr'><strong>putheum</strong></span> <span class='ocrx_word' id='word_1_273' title='bbox 2511 5050 2855 5156; x_wconf 87' lang='lat' dir='ltr'><strong>quarterii</strong></span> <span class='ocrx_word' id='word_1_274' title='bbox 2892 5049 3139 5131; x_wconf 91' lang='lat' dir='ltr'><strong>Sancti</strong></span> <span class='ocrx_word' id='word_1_275' title='bbox 3176 5050 3577 5151; x_wconf 90' lang='lat' dir='ltr'><strong>Juuenalis.</strong></span> <span class='ocrx_word' id='word_1_276' title='bbox 3616 5051 3806 5131; x_wconf 91' lang='lat' dir='ltr'><strong>Item</strong></span> <span class='ocrx_word' id='word_1_277' title='bbox 3844 5051 4046 5156; x_wconf 90' lang='lat' dir='ltr'><strong>quod</strong></span> <span class='ocrx_word' id='word_1_278' title='bbox 4087 5052 4301 5132; x_wconf 87' lang='lat' dir='ltr'><strong>detur</strong></span> 
     </span>
     <span class='ocr_line' id='line_1_28' title="bbox 1126 5182 4300 5316; baseline 0.002 -32"><span class='ocrx_word' id='word_1_279' title='bbox 1126 5204 1421 5286; x_wconf 87' lang='lat' dir='ltr'><strong>leamen</strong></span> <span class='ocrx_word' id='word_1_280' title='bbox 1475 5207 1680 5312; x_wconf 91' lang='lat' dir='ltr'><strong>quod</strong></span> <span class='ocrx_word' id='word_1_281' title='bbox 1736 5208 1872 5289; x_wconf 89' lang='lat' dir='ltr'><strong>erit</strong></span> <span class='ocrx_word' id='word_1_282' title='bbox 1912 5208 1987 5288; x_wconf 89' lang='lat' dir='ltr'><strong>in</strong></span> <span class='ocrx_word' id='word_1_283' title='bbox 2026 5208 2288 5314; x_wconf 89' lang='lat' dir='ltr'><strong>gurgis</strong></span> <span class='ocrx_word' id='word_1_284' title='bbox 2323 5236 2366 5288; x_wconf 88' lang='lat' dir='ltr'><strong>a</strong></span> <span class='ocrx_word' id='word_1_285' title='bbox 2402 5226 2633 5314; x_wconf 89' lang='lat' dir='ltr'><strong>ponte</strong></span> <span class='ocrx_word' id='word_1_286' title='bbox 2686 5182 2961 5290; x_wconf 89' lang='lat' dir='ltr'><strong>domus</strong></span> <span class='ocrx_word' id='word_1_287' title='bbox 3015 5208 3293 5291; x_wconf 92' lang='lat' dir='ltr'><strong>henrici</strong></span> <span class='ocrx_word' id='word_1_288' title='bbox 3349 5208 3675 5315; x_wconf 91' lang='lat' dir='ltr'><strong>goselmi</strong></span> <span class='ocrx_word' id='word_1_289' title='bbox 3712 5208 4012 5291; x_wconf 87' lang='lat' dir='ltr'><strong>inferius</strong></span> <span class='ocrx_word' id='word_1_290' title='bbox 4065 5236 4300 5316; x_wconf 89' lang='lat' dir='ltr'><strong>usque</strong></span> 
     </span>
     <span class='ocr_line' id='line_1_29' title="bbox 1128 5354 4307 5474; baseline 0.002 -31"><span class='ocrx_word' id='word_1_291' title='bbox 1128 5360 1222 5443; x_wconf 89' lang='lat' dir='ltr'><strong>ad</strong></span> <span class='ocrx_word' id='word_1_292' title='bbox 1278 5361 1596 5444; x_wconf 90' lang='lat' dir='ltr'><strong>domum</strong></span> <span class='ocrx_word' id='word_1_293' title='bbox 1651 5366 1943 5447; x_wconf 90' lang='lat' dir='ltr'><strong>maroni</strong></span> <span class='ocrx_word' id='word_1_294' title='bbox 2001 5365 2377 5473; x_wconf 88' lang='lat' dir='ltr'><strong>galuagni.</strong></span> <span class='ocrx_word' id='word_1_295' title='bbox 2438 5387 2511 5447; x_wconf 93' lang='lat' dir='ltr'><strong>et</strong></span> <span class='ocrx_word' id='word_1_296' title='bbox 2567 5366 2860 5448; x_wconf 88' lang='lat' dir='ltr'><strong>leamen</strong></span> <span class='ocrx_word' id='word_1_297' title='bbox 2913 5368 3117 5473; x_wconf 92' lang='lat' dir='ltr'><strong>quod</strong></span> <span class='ocrx_word' id='word_1_298' title='bbox 3174 5369 3309 5449; x_wconf 90' lang='lat' dir='ltr'><strong>erit</strong></span> <span class='ocrx_word' id='word_1_299' title='bbox 3363 5369 3440 5449; x_wconf 92' lang='lat' dir='ltr'><strong>in</strong></span> <span class='ocrx_word' id='word_1_300' title='bbox 3496 5368 3758 5474; x_wconf 89' lang='lat' dir='ltr'><strong>gurgis</strong></span> <span class='ocrx_word' id='word_1_301' title='bbox 3821 5395 3964 5474; x_wconf 92' lang='lat' dir='ltr'><strong>que</strong></span> <span class='ocrx_word' id='word_1_302' title='bbox 4021 5354 4307 5451; x_wconf 87' lang='lat' dir='ltr'><strong>suntin</strong></span> 
     </span>
     <span class='ocr_line' id='line_1_30' title="bbox 1129 5522 4312 5649; baseline 0.001 -45"><span class='ocrx_word' id='word_1_303' title='bbox 1129 5522 1526 5649; x_wconf 78' lang='lat' dir='ltr'><strong>retitudine</strong></span> <span class='ocrx_word' id='word_1_304' title='bbox 1582 5524 1858 5606; x_wconf 91' lang='lat' dir='ltr'><strong>domus</strong></span> <span class='ocrx_word' id='word_1_305' title='bbox 1912 5524 2300 5605; x_wconf 88' lang='lat' dir='ltr'><strong>confratrie</strong></span> <span class='ocrx_word' id='word_1_306' title='bbox 2356 5526 2589 5607; x_wconf 92' lang='lat' dir='ltr'><strong>sancti</strong></span> <span class='ocrx_word' id='word_1_307' title='bbox 2655 5526 3032 5607; x_wconf 85' lang='lat' dir='ltr'><strong>eustachii.</strong></span> <span class='ocrx_word' id='word_1_308' title='bbox 3117 5553 3350 5632; x_wconf 90' lang='lat' dir='ltr'><strong>usque</strong></span> <span class='ocrx_word' id='word_1_309' title='bbox 3405 5526 3498 5607; x_wconf 89' lang='lat' dir='ltr'><strong>ad</strong></span> <span class='ocrx_word' id='word_1_310' title='bbox 3555 5526 3871 5608; x_wconf 92' lang='lat' dir='ltr'><strong>domum</strong></span> <span class='ocrx_word' id='word_1_311' title='bbox 3927 5527 4104 5608; x_wconf 90' lang='lat' dir='ltr'><strong>dicti</strong></span> <span class='ocrx_word' id='word_1_312' title='bbox 4158 5556 4312 5610; x_wconf 90' lang='lat' dir='ltr'><strong>ma-</strong></span> 
     </span>
    </p>
   </div>
   <div class='ocr_carea' id='block_1_5' title="bbox 5071 2177 5089 2879">
    <p class='ocr_par' dir='ltr' id='par_1_5' title="bbox 5071 2177 5089 2879">
     <span class='ocr_line' id='line_1_31' title="bbox 5071 2177 5089 2879; baseline 0 0"><span class='ocrx_word' id='word_1_313' title='bbox 5071 2177 5089 2879; x_wconf 95' lang='lat' dir='ltr'><strong> </strong></span> 
     </span>
    </p>
   </div>
  </div>
 </body>
</html>
