5117 6834
760 1616 909 1693 106

763 3479 907 3558 107

1145 559 1392 640 banni.
1461 578 1535 638 et
1599 576 1937 638 teneatur
2007 558 2312 662 priuata.
2383 575 2456 635 et
2523 574 2858 660 potestas
2926 556 3164 660 possit
3229 574 3302 635 et
3367 554 3634 634 debeat
3699 553 3871 634 inde
3946 555 4335 659 inquirere.

1145 735 1226 802 Et
1287 733 1461 823 quod
1523 756 1722 829 quum
1791 731 1899 799 fiet
1960 731 2212 819 sequela
2282 724 2550 798 domino
2622 731 2922 819 potestati
2994 748 3280 797 teneatur
3340 730 3603 819 quilibet
3663 730 3866 798 homo
3925 753 3960 797 a
4012 755 4098 796 xv
4155 733 4338 799 annis
4472 732 4473 735 ’

1143 916 1344 982 usque
1386 915 1508 961 Lxx
1554 893 1761 958 iurare
1810 890 1984 979 quod
2028 912 2163 957 non
2208 891 2416 978 capiet
2461 888 2541 956 de
2590 888 2894 957 clausuris
2947 888 3097 955 uille
3161 888 3549 956 baennarum
3596 911 3716 957 nec
3762 889 3841 956 de
3890 889 4338 978 lignaminibus

1145 1053 1394 1145 positis·
1422 1053 1490 1117 in
1545 1048 1844 1139 pontibus
1905 1050 2040 1115 siue
2095 1047 2401 1136 planchiS.
2461 1048 2566 1114 uel
2611 1050 2678 1114 in
2738 1048 2877 1115 aliis
2931 1048 3091 1115 locis
3152 1048 3552 1115 comunibus,
3615 1066 3678 1115 et
3735 1071 4026 1116 accusare
4089 1066 4341 1116 contra-

1146 1211 1473 1279 facientes,
1505 1208 1617 1298 (5)

1139 1533 1361 1699 DE
1418 1611 1906 1693 PERSONIS
1947 1610 2162 1705 QUE
2199 1610 2613 1689 DEBENT
2652 1608 2926 1690 DARE
2965 1606 3172 1690 PRO
3230 1606 3603 1689 PRECIO
3658 1607 4128 1688 ALICUIUS
4163 1607 4325 1689 REI
4462 1654 4467 1660 ·

1454 1769 1828 1851 ALTERI
1883 1768 2374 1851 PERSONE.

1269 1988 1626 2190 Qum
1682 2107 2038 2169 statutum
2098 2107 2209 2168 est
2281 2088 2484 2192 quod
2542 2087 2605 2167 si
2662 2087 2904 2191 aliqua
2960 2114 3273 2192 persona
3331 2088 3513 2167 emit
3567 2086 3688 2167 uel
3746 2088 4007 2166 emerit
4061 2085 4336 2190 aliquid

1147 2248 1240 2328 ab
1296 2247 1540 2353 aliqua
1593 2274 1936 2352 persona.
1995 2246 2114 2326 uel
2171 2247 2308 2351 ipsi
2365 2272 2681 2351 persone
2737 2243 3012 2349 aliquid
3070 2244 3241 2325 dare
3299 2245 3633 2325 debuerit
3687 2272 3822 2350 pro
3887 2245 4135 2350 precio
4218 2244 4337 2324 uel
4467 2318 4470 2323 ,

1146 2408 1543 2487 occasione
1598 2406 1907 2485 alicuius
1961 2406 2065 2485 rei
2122 2404 2260 2485 sibi
2315 2405 2642 2484 uendite.
2702 2424 2775 2485 et
2830 2405 3025 2484 dicta
3108 2431 3422 2509 persona
3480 2431 3637 2484 non
3693 2402 4002 2483 soluerit
4055 2403 4146 2482 ad
4204 2422 4342 2482 ter-

1150 2565 1443 2645 minum
1501 2563 2227 2668 condempnationis.
2288 2564 2491 2668 quod
2548 2582 2879 2668 potestas
2933 2582 3105 2668 post
3160 2564 3565 2643 terminum
3638 2561 4342 2665 condempnationis

1147 2741 1486 2803 teneatur
1521 2723 1613 2802 ad
1655 2723 2083 2802 instantiam
2141 2720 2527 2802 creditoris
2565 2748 2822 2825 capere
2859 2721 3343 2826 personaliter
3399 2720 3674 2801 dictam
3730 2746 4129 2826 personam
4167 2745 4340 2798 con-

1148 2880 1628 2986 dempnatam
1685 2900 1758 2961 et
1814 2881 2144 2960 detinere
2202 2907 2353 2984 quo
2409 2907 2643 2984 usque
2702 2879 3130 2960 satisfecerit
3185 2881 3390 2960 dicto
3447 2879 3819 2960 creditori.
3884 2879 3978 2959 Et
4032 2879 4179 2958 hoc
4236 2879 4340 2957 in·

1148 3039 1526 3144 telligatur
1584 3039 1644 3119 si
1701 3038 2024 3118 creditor
2079 3037 2294 3119 fuerit
2350 3038 2442 3119 de
2498 3038 2829 3119 baenniS.

1145 3378 1369 3544 DE
1403 3457 1642 3539 NON
1687 3454 2276 3539 PORTANDO
2317 3451 2801 3535 CUTELLO
2838 3451 2976 3532 ET
3013 3449 3661 3532 HABENTIBUS
3705 3449 4326 3532 INIMICITIAS.

1163 3890 1172 3897 .
1270 3672 1627 3877 Qum
1684 3797 2041 3858 statutum
2083 3796 2194 3858 est
2232 3777 2434 3882 quod
2492 3778 2734 3882 aliqua
2790 3805 3106 3883 persona
3161 3806 3317 3858 non
3373 3781 3608 3884 possit
3665 3806 3802 3859 nec
3857 3779 4122 3859 debeat
4174 3808 4337 3885 por-

1147 3955 1303 4017 tare
1376 3937 1453 4016 in
1525 3935 1699 4016 uilla
1782 3936 2235 4016 baennarum
2315 3935 2641 4040 aliquem
2725 3935 3079 4017 cutellum
3161 3937 3465 4017 maioris
3547 3936 4041 4042 longitudinis
4121 3940 4340 4019 unius

1148 4094 1360 4200 pedis
1413 4093 1549 4201 (6)
1613 4113 1926 4199 excepto
2008 4093 2401 4173 manubrio
2484 4094 2882 4199 designato
2963 4121 3092 4199 per
3155 4114 3603 4200 potestatem
3668 4096 3744 4175 in
3808 4096 4059 4200 aliquo
4134 4117 4337 4177 certo

1151 4251 1350 4331 loco.
1407 4251 1528 4332 uel
1582 4250 1907 4356 aliquem
1962 4251 2192 4332 alium
2247 4251 2584 4357 gladium
2666 4253 3166 4357 cuiuscunque
3241 4254 3538 4357 generis
3594 4254 3710 4334 sit.
3771 4273 3845 4333 et
3899 4255 4025 4358 qui
4081 4274 4337 4335 contra

1149 4410 1402 4491 fecerit
1458 4408 1700 4490 soluat
1753 4437 1891 4515 pro
1947 4409 2273 4515 qualibet
2327 4412 2488 4490 uice
2544 4410 2639 4490 de
2694 4411 2815 4491 die
2874 4410 3161 4491 solidos
3215 4438 3267 4491 x
3324 4430 3397 4492 et
3452 4412 3545 4491 de
3603 4431 3824 4492 nocte
3864 4411 4151 4493 solidos
4205 4441 4335 4494 xx.

1149 4587 1225 4650 et
1278 4568 1426 4648 hoc
1480 4595 1636 4648 non
1688 4569 1926 4674 possit
1981 4568 2221 4649 modo
2276 4567 2529 4674 aliquo
2586 4571 2980 4649 remoueri.
3048 4570 3141 4649 Et
3197 4569 3258 4649 si
3315 4597 3457 4674 qua
3511 4597 3827 4675 persona
3881 4571 3974 4651 de
4031 4571 4339 4652 baennis

1150 4727 1376 4807 habet
1458 4725 1579 4807 uel
1662 4726 1997 4806 habuerit
2079 4726 2359 4832 aliquas
2440 4727 2863 4808 inimicitias
2935 4722 3212 4832 'graues
3294 4756 3465 4808 cum
3547 4727 3790 4833 aliqua
3870 4756 4185 4834 persona
4243 4731 4335 4811 de

1150 4885 1356 4967 dicto
1412 4885 1610 4966 loco.
1667 4885 1873 4992 quod
1928 4904 2262 4990 potestas
2315 4905 2652 4967 teneatur
2732 4884 2967 4967 facere
3052 4886 3384 4967 satisdari
3458 4886 3679 4968 bonis
3734 4889 4242 4969 securitatibus
4294 4919 4336 4970 a

1149 5044 1367 5125 dictis
1420 5046 1759 5150 personis
1814 5046 1971 5125 siue
2026 5044 2354 5149 partibus
2433 5044 2527 5125 de
2610 5072 2767 5125 non
2835 5044 3292 5165 offendendo
3348 5073 3494 5125 una
3548 5073 3715 5150 pars
3766 5046 3972 5127 alteri
4030 5049 4106 5127 in
4160 5047 4336 5128 uilla

1149 5204 1602 5283 baennarum
1657 5203 1775 5284 uel
1835 5230 2058 5308 posse
2113 5202 2249 5311 (7)
2306 5203 2446 5283 nisi
2506 5222 2754 5283 essent
2837 5203 3188 5284 custodes
3269 5203 3443 5284 uille
3509 5206 3962 5284 baennarum
4017 5205 4137 5285 uel
4194 5205 4334 5285 nisi

1150 5361 1285 5442 iret
1339 5362 1461 5442 uel
1517 5365 1804 5443 ueniret
1858 5363 1952 5444 de
2010 5382 2214 5444 extra
2269 5361 2526 5443 uillam
2608 5366 3057 5443 baennarum
3113 5362 3233 5444 uel
3288 5365 3380 5444 ad
3438 5363 3875 5447 cridaforam
3926 5366 4337 5446 stremitam

1145 5518 1268 5600 uel
1323 5520 1558 5600 rixam
1614 5520 1733 5602 uel
1789 5522 2074 5626 ignem.
2157 5521 2276 5603 uel
2352 5522 2495 5602 nisi
2579 5541 2772 5602 esset
2853 5522 3117 5627 aliquis
3171 5524 3295 5627 qui
3353 5522 3691 5604 redderet
3744 5522 3865 5603 uel
3921 5525 4334 5604 restitueret
