5117 6834
360 2291 516 2370 190

362 3652 504 3727 191

355 5125 511 5204 192

2193 362 2482 467 XLII

747 634 1199 735 bricationisr
1236 661 1379 740 que
1434 633 1703 745 faceret
1757 632 1917 714 fieri
1972 632 2151 738 ipsis
2205 630 2542 713 ferrariis.
2587 632 2721 713 sub
2758 658 2948 738 pena
2987 630 3405 713 solidorum
3459 660 3538 714 111
3592 660 3730 739 pro
3769 661 3951 739 qua-

750 790 936 874 libet
982 820 1300 899 persona
1356 793 1664 898 quocies
1719 789 2255 873 contrafecerit.
2315 810 2389 871 et
2444 789 2771 897 quelibet
2824 792 3064 896 possit
3120 792 3294 873 inde
3350 819 3693 875 accusare
3749 794 3947 873 iura-

754 970 1019 1033 mento
1077 979 1241 1032 suo,
1283 969 1358 1031 et
1394 952 1461 1031 ei
1500 949 1861 1031 credatur.
1920 969 1994 1030 et
2048 949 2314 1030 habeat
2367 950 2666 1052 tertiam
2723 968 3007 1055 partem
3062 951 3311 1031 banni.
3354 950 3564 1032 saluo
3620 952 3682 1031 si
3738 978 3948 1032 accu-
4038 1039 4050 1047 ‚

756 1129 960 1191 satus
1015 1110 1109 1189 de
1163 1108 1515 1215 predictis
1571 1108 1919 1188 iurauerit
1975 1133 2054 1188 se
2110 1135 2267 1187 non
2322 1108 2620 1187 dedisse
2675 1107 2959 1188 dictum
3015 1109 3301 1189 uinum.
3359 1108 3481 1190 uel
3519 1108 3719 1189 aliud
3775 1109 3950 1190 loco

751 1269 905 1348 uini
945 1267 1163 1348 dictis
1217 1266 1529 1347 ferrariis
1585 1266 1981 1346 occasione
2035 1265 2386 1370 predicta.
2443 1265 2618 1346 inde
2674 1264 3100 1347 absoluatur
3173 1268 3332 1348 sine
3386 1266 3630 1373 aliqua
3682 1270 3953 1374 proba-

752 1427 988 1507 tione.
1049 1426 1144 1506 Et
1202 1423 1540 1505 ferrarius
1605 1421 2142 1505 contrafaciens
2224 1424 2380 1503 siue
2463 1424 2761 1530 capiens
2842 1424 3127 1506 dictum
3199 1426 3461 1507 uinum
3546 1426 3955 1508 substineat

760 1582 1106 1664 eamdem
1161 1609 1459 1688 penam.
1517 1583 1611 1662 Et
1666 1581 1992 1686 quelibet
2046 1608 2365 1686 persona
2400 1582 2640 1686 possit
2695 1582 2869 1662 inde
2925 1610 3264 1664 accusare
3304 1585 3726 1666 iuramento
3774 1604 3848 1665 et
3886 1586 3954 1665 ei

756 1741 1092 1821 credatur
1166 1758 1239 1820 Εἴ
1312 1739 1579 1819 habeat
1650 1740 1945 1819 tertiam
2017 1757 2302 1844 partem
2374 1737 2625 1819 banni.
2685 1757 2753 1812 Et
2789 1769 3022 1829 potestas
3059 1759 3226 1830 possit
3271 1760 3535 1832 iaquirere
3570 1760 3638 1815 ad
3675 1776 3828 1815 suam
3862 1775 3958 1816 uo-

754 1919 1035 1973 luntatem.

739 2170 1144 2380 QJoD
1201 2250 1541 2336 CRAPA
1639 2267 1776 2374 (ι)
1799 2248 2089 2332 FERRI
2142 2248 2381 2331 NON
2434 2246 2942 2330 PONATUR
2997 2247 3106 2328 1N
3163 2246 3353 2328 uns
3406 2245 3872 2329 PUBLICIS.

974 2483 1046 2546 ὡς

873 2543 942 2650 2²22
972 2535 1042 2660 ⁵³3
1074 2610 1233 2665 TEM
1288 2602 1647 2664 statutum
1705 2602 1818 2663 est
1873 2582 2076 2689 quod
2133 2581 2379 2662 nullus
2416 2581 2754 2662 ferrarius
2789 2599 3021 2687 ponat
3059 2579 3383 2686 aliquam
3439 2607 3732 2687 crapam
3790 2581 3956 2662 ferri

753 2743 831 2821 in
888 2742 1009 2821 uia
1063 2741 1355 2847 publica
1411 2741 1544 2822 sub
1600 2769 1791 2848 pena
1847 2740 2069 2822 solidi
2126 2768 2151 2823 1
2205 2767 2342 2846 pro
2399 2740 2738 2846 quolibet
2792 2757 2866 2820 et
2921 2739 3247 2845 qualibet
3326 2740 3489 2821 uice
3574 2767 3718 2845 qua
3775 2768 3952 2821 con-

752 2899 1144 2982 trafecerit.
1202 2901 1296 2980 Et
1351 2898 1677 3005 quelibet
1748 2926 2068 3005 persona
2138 2899 2380 3004 possit
2453 2897 2628 2979 inde
2702 2925 3042 2979 accusare
3118 2917 3191 2978 et
3257 2899 3326 2979 ei
3381 2897 3714 2978 credatur
3769 2899 3952 2978 iura-

755 3077 1021 3138 mento
1077 3077 1151 3138 et
1206 3036 1544 3140 teneatur
1598 3058 1903 3163 priuata.
1964 3076 2039 3138 et
2094 3057 2442 3137 eamdem
2522 3082 2796 3162 penam
2880 3054 3289 3138 substineat
3360 3057 3696 3175 ferrarius
3749 3056 3951 3138 iuxta

753 3214 1073 3296 domum
1129 3216 1337 3296 cuius
1389 3235 1673 3321 reperta
1729 3214 1943 3295 fuerit
1997 3242 2211 3320 crapa
2267 3213 2435 3295 ferri
2490 3215 2570 3295 in
2624 3215 2745 3295 uia
2799 3214 3113 3320 publica.

743 3536 967 3701 DE
1024 3616 1261 3699 NON
1316 3615 1768 3700 ARANDO
1823 3614 2090 3696 UIAM
2144 3614 2698 3697 PUBLICAM.

877 3926 947 4027 ἐξ
972 3897 1036 4023 ⁵⁵⁴3
1076 3974 1235 4030 TEM
1290 3968 1650 4031 statutum
1706 3969 1820 4030 est
1877 3949 2081 4055 quod
2137 3949 2380 4055 aliqua
2432 3976 2752 4055 persona
2805 3978 2963 4031 non
2999 3952 3239 4056 possit
3276 3978 3412 4032 nec
3450 3952 3716 4033 debeat
3751 3978 3951 4036 arare

755 4105 1088 4188 laborare
1142 4106 1263 4188 uel
1320 4135 1579 4187 cauare
1637 4134 1769 4188 seu
1823 4107 2076 4213 aliquo
2131 4106 2371 4188 modo
2454 4107 2919 4213 appropriare
2996 4107 3134 4189 sibi
3190 4107 3514 4213 aliquam
3568 4111 3771 4190 uiam
3824 4138 3952 4216 pu-

756 4264 1030 4346 blicam
1089 4292 1219 4346 seu
1275 4264 1553 4371 aliquid
1610 4265 1704 4347 de
1760 4265 2004 4371 aliqua
2058 4267 2179 4346 uia
2236 4256 2527 4372 publica
2582 4267 2659 4346 in
2715 4284 2885 4346 toto
2940 4264 3062 4347 uel
3142 4267 3221 4345 in
3296 4286 3495 4372 parte
3552 4268 3818 4349 alicubi
3873 4270 3950 4350 in

751 4423 899 4504 fine
930 4426 1383 4504 baennarum
1411 4423 1610 4530 lequi
1647 4423 1767 4504 uel
1806 4443 2295 4530 costemagne
2335 4425 2470 4504 sub
2510 4451 2699 4530 pena
2729 4423 3147 4505 solidorum
3175 4451 3254 4505 111
3290 4424 3425 4531 (2)
3454 4452 3590 4530 pro
3611 4425 3936 4532 qualibet

755 4607 1074 4687 persona
1129 4607 1272 4687 que
1328 4581 1864 4662 contrafecerit.
1951 4601 2027 4662 et
2107 4581 2435 4689 quelibet
2505 4609 2825 4687 persona
2906 4582 3145 4687 possit
3226 4582 3400 4663 inde
3456 4610 3817 4666 accusare.
3877 4605 3952 4666 et

757 4739 1093 4820 credatur
1150 4740 1219 4819 ei
1273 4740 1719 4820 iuramento,

742 5005 993 5170 DE·
1020 5085 1261 5167 NON
1315 5084 1761 5167 ARANDO
1821 5085 2019 5165 UEL
2075 5085 2591 5165 CAUANDO
2648 5082 2981 5167 PROPE
3036 5082 3593 5166 TERMINOS.

877 5361 944 5482 ἔ
971 5363 1038 5488 ἒ)
1078 5450 1236 5505 TEM
1292 5443 1653 5505 statutum
1692 5444 1804 5505 est
1841 5424 2045 5531 quod
2083 5425 2326 5531 aliqua
2363 5452 2682 5532 persona
2735 5453 2894 5507 non
2947 5427 3186 5532 possit
3241 5453 3378 5507 nec
3434 5426 3699 5509 debeat
3752 5456 3951 5511 arare

759 5580 1092 5662 laborare
1147 5581 1271 5661 uel
1327 5609 1618 5662 cauare«
1642 5609 1873 5688 prope
1929 5582 2256 5689 aliquem
2311 5585 2717 5665 terminum
2771 5585 3105 5690 positum
3179 5584 3369 5665 inter
3422 5583 3714 5691 aliquos
3768 5612 3955 5668 con-
