5117 6834
420 1269 570 1370 396

420 2237 566 2315 397

2222 353 2576 456 XCIII

812 672 879 734 ab
914 670 1090 742 aliqua
1126 687 1350 740 persona
1384 671 1452 725 de
1488 671 1676 726 bennis
1709 670 1797 726 uel
1832 670 2092 726 habitanti
2128 671 2417 727 occaxione
2451 671 2670 725 alicuius
2705 670 2886 724 bamni
2921 670 3008 725 vel
3044 671 3346 743 aliquorum
3381 672 3698 728 bamnorum
3731 673 3835 728 nisi
3860 673 4002 744 prius

811 794 987 864 ipsam
1025 794 1305 864 pecuniam
1341 792 1505 864 recipi
1542 793 1723 848 fecerit
1760 810 1792 847 a
1827 793 2060 849 clauario
2096 794 2339 848 comunis
2376 793 2680 848 Bennamm
2716 806 2770 848 et
2806 793 2851 847 si
2888 791 3254 849 contrafecerit
3308 795 3518 849 amittat
3554 795 3621 849 de
3658 796 3770 850 eius
3806 797 4001 851 salario

811 917 1012 971 solidos
1045 932 1121 972 Lx
1158 928 1410 971 astenses,

818 1231 977 1355 DE
1015 1299 1507 1356 BOSCANTIBUS
1542 1299 1619 1354 IN
1657 1298 1937 1354 ALIENIS
1972 1298 2277 1355 BOSCHIS.

946 1489 1247 1694 {grau
1284 1636 1542 1680 statutum
1579 1638 1661 1680 est
1694 1626 1837 1697 quod
1874 1626 1919 1679 si
1955 1624 2131 1697 aliqua
2168 1640 2393 1695 persona
2437 1624 2682 1679 inciderit
2729 1625 3044 1680 scaluauerit
3080 1626 3276 1698 ceperit
3313 1626 3677 1681 aranchauerit
3710 1627 3796 1681 vel
3833 1628 3997 1682 modo

814 1748 996 1819 aliquo
1034 1747 1363 1803 boschauerit
1399 1748 1566 1803 viride
1602 1748 1691 1802 vel
1725 1748 1932 1803 sichum
1968 1748 2024 1801 in
2061 1747 2239 1819 aliquo
2274 1747 2474 1803 boscho
2499 1747 2719 1801 alicuius
2743 1764 2968 1818 persone
2992 1748 3225 1819 spetialis
3249 1748 3305 1802 in
3330 1764 3484 1819 posse
3508 1749 3802 1804 bennarum
3824 1750 3999 1805 soluat

813 1887 910 1942 pro
947 1887 1084 1942 pena
1120 1887 1217 1942 pro
1251 1870 1483 1942 qualibet
1518 1871 1705 1926 arbore
1740 1887 1924 1943 grossa
1959 1872 2046 1940 (1)

816 2187 976 2312 DE
1015 2256 1375 2321 QUATUOR
1412 2255 1872 2312 SAPIENTIBUS
1905 2256 2126 2310 SUPER
2166 2255 2691 2320 QUESTIONIBUS
2726 2256 3091 2311 SEDANDIS.

944 2449 1245 2651 ἔξω
1282 2594 1539 2638 statutum
1576 2552 1658 2638 est
1692 2584 1834 2654 quod
1871 2583 1916 2637 si
1953 2583 2027 2636 lix
2064 2600 2158 2638 seu
2194 2584 2401 2655 questio
2439 2595 2577 2637 esset
2612 2583 2699 2637 vel
2734 2583 2958 2637 oriretur
2993 2583 3130 2637 inter
3166 2582 3367 2654 aliquas
3415 2599 3665 2653 personas
3701 2585 3768 2638 de
3807 2584 3993 2639 bennis

808 2707 897 2762 vel
934 2707 1007 2761 ibi
1044 2706 1344 2761 habitantes
1381 2706 1662 2761 occasione
1707 2706 1926 2760 alicuius
1962 2706 2037 2760 rei
2073 2706 2285 2761 mobilis
2322 2705 2409 2761 vel
2443 2706 2737 2761 immobilis
2773 2706 2913 2777 quod
2951 2706 3184 2776 predicte
3219 2717 3394 2776 partes
3428 2707 3566 2760 inter
3603 2723 3732 2778 quas
3771 2707 3842 2760 lix
3883 2724 3993 2778 pre·

802 2830 945 2885 dicta
982 2842 1123 2885 esset
1159 2829 1247 2883 vel
1281 2830 1510 2884 oriretur
1547 2840 1828 2883 teneantur
1864 2842 1919 2884 et
1953 2830 2181 2884 debeant
2216 2846 2274 2884 se
2310 2845 2368 2884 se
2405 2830 2838 2900 compromittere
2864 2829 2931 2883 de
2954 2829 3093 2884 dicta
3129 2830 3407 2900 questione
3432 2830 3485 2883 in
3505 2842 3753 2900 quattuor
3789 2831 3993 2901 sapien·

802 2954 959 3008 tibus.
999 2953 1089 3025 qui
1125 2952 1412 3024 elliguntur
1448 2953 1740 3006 secundum
1776 2953 1917 3023 quod
1955 2952 2261 3007 ordinatum
2300 2951 2454 3006 fixerit
2490 2968 2584 3022 per
2629 2951 2912 3006 consilium
2948 2952 3207 3007 sotietatis
3242 2964 3296 3006 et
3330 2963 3610 3007 teneantur
3644 2953 3783 3007 dicte
3821 2965 3993 3023 partes

802 3088 859 3130 et
884 3076 1116 3147 quelibet
1151 3076 1385 3146 ipsarum
1420 3075 1702 3129 ostendere
1737 3074 1853 3129 iura
1890 3091 1983 3129 sua
2020 3075 2308 3130 summarie
2344 3090 2526 3129 coram
2562 3075 2714 3129 dictis
2738 3085 2986 3146 quattuor
3009 3075 3333 3145 sapientibus
3369 3075 3482 3129 sine
3519 3075 3693 3146 aliqua
3732 3076 3990 3146 petitione

801 3199 889 3253 vel
926 3198 1199 3253 oblatione
1235 3197 1399 3252 libelli
1427 3214 1440 3249 ε
1495 3197 1584 3269 qui
1638 3197 1858 3268 predicti
1913 3209 2160 3269 quattuor
2194 3198 2457 3268 sapientes
2494 3197 2723 3252 habeant
2759 3198 2974 3268 plenam
3011 3197 3246 3268 bayliam
3282 3198 3649 3253 auctoritatem
3684 3211 3739 3252 et
3775 3198 3992 3269 plenum

803 3336 961 3391 posse
1000 3320 1100 3390 ipsi
1137 3332 1191 3374 et
1226 3319 1396 3374 maior
1433 3335 1551 3390 pars
1588 3320 1824 3391 ipsorum
1860 3319 2238 3390 pronuntiandi
2288 3320 2646 3375 sententiandi
2682 3320 2969 3374 arbitrandi
3005 3332 3059 3374 et
3096 3316 3390 3375 diffiniendi
3435 3321 3571 3375 inter
3616 3321 3782 3376 dictas
3820 3332 3991 3392 partes

795 3459 953 3514 super
991 3458 1180 3497 eorum
1214 3442 1578 3513 questionibus
1613 3454 1727 3496 tam
1764 3459 1857 3513 per
1893 3443 2235 3498 concordiam
2272 3459 2434 3514 quam
2470 3444 2535 3496 de
2573 3443 2686 3499 iure
2724 3455 2934 3498 seruato
2969 3444 3096 3497 iuris
3120 3444 3307 3498 ordine
3332 3443 3418 3497 uel
3443 3460 3553 3499 non
3578 3457 3788 3499 seruato
3811 3445 3992 3499 diebus

798 3567 997 3621 teriatis
1033 3566 1121 3620 uel
1156 3581 1268 3620 non
1306 3565 1503 3620 feriatis
1539 3565 1792 3620 sedendo.
1830 3566 2036 3620 stando.
2077 3565 2547 3637 quotienscumque
2585 3577 2638 3619 et
2675 3566 2990 3637 ubicumque
3013 3565 3278 3620 voluerint
3315 3567 3486 3620 citatis
3512 3567 3743 3637 partibus
3768 3567 3855 3621 vel
3879 3582 3990 3620 non

802 3689 991 3744 citatis.
1029 3700 1083 3743 et
1119 3688 1246 3758 ipsis
1283 3688 1610 3759 presentibus
1645 3687 1733 3743 vel
1770 3688 2071 3743 absentibus
2109 3688 2196 3743 vel
2231 3705 2336 3742 una
2374 3700 2617 3759 presente
2652 3688 2738 3742 vel
2776 3689 2992 3744 absente
3030 3700 3185 3759 prout
3227 3690 3303 3742 eis
3340 3688 3426 3742 vel
3462 3688 3650 3743 maiori
3689 3690 3822 3758 parti
3857 3690 3992 3760 ipso-

804 3829 927 3867 rum
964 3812 1218 3883 placuerit
1254 3824 1307 3866 et
1344 3811 1607 3866 videbitur
1645 3811 1757 3865 fore
1795 3810 2047 3865 fiendum.
2088 3811 2153 3865 Et
2189 3811 2439 3883 quidquid
2477 3827 2571 3881 per
2606 3811 2779 3867 dictos
2814 3812 3079 3882 sapientes
3116 3812 3201 3865 vel
3239 3811 3499 3866 maiorem
3526 3824 3728 3881 partem
3754 3813 3990 3883 ipsorum

804 3934 1007 4013 dictum
1045 3936 1443 4005 pronuntiatum
1477 3935 1855 3988 sententiatum
1892 3933 2202 3987 arbitratum
2225 3945 2278 3987 et
2304 3934 2576 3988 laudatum
2614 3932 2770 3988 fuerit
2806 3935 2942 3988 inter
2968 3935 3103 4004 ipsas
3129 3946 3301 4004 partes
3324 3934 3462 3988 dicte
3488 3946 3660 4004 partes
3683 3946 3737 3988 et
3760 3935 3991 4006 quelibet

804 4057 1043 4127 ipsarum
1082 4068 1362 4110 teneantur
1399 4057 1679 4110 obseruare
1715 4056 1989 4109 attendere
2026 4067 2078 4109 et
2114 4055 2404 4126 adimplere
2427 4071 2549 4110 cum
2576 4055 2766 4109 effectu
2804 4057 2901 4109 sub
2938 4056 3088 4126 penis
3126 4072 3216 4126 per
3253 4057 3394 4126 ipsos
3429 4057 3693 4127 sapientes
3728 4057 3989 4127 impositis

806 4171 861 4235 'et
896 4180 1253 4250 imponendis:
1292 4195 1420 4251 quas
1457 4195 1620 4248 penas
1655 4178 1931 4249 imponere
1967 4179 2171 4249 possint
2207 4179 2272 4232 ad
2310 4195 2496 4232 eorum
2532 4179 2882 4233 uoluntatem.
2921 4190 2974 4232 et
3009 4195 3139 4250 quas
3177 4195 3338 4249 penas
3374 4180 3583 4234 soluere
3607 4192 3846 4235 teneatur
3871 4196 3989 4250 pars

806 4320 918 4359 non
956 4305 1259 4359 obseruans.
1299 4303 1365 4357 Et
1400 4316 1682 4358 teneantur
1717 4303 1858 4357 dicte
1895 4315 2069 4373 partes
2105 4303 2232 4357 dare
2269 4315 2323 4357 et
2357 4302 2566 4357 soluere
2601 4302 2755 4357 dictis
2791 4303 3112 4373 sapientibus
3166 4303 3396 4357 termIno
3449 4320 3542 4374 per
3579 4304 3796 4358 eosdem
3833 4304 3988 4358 dictis

808 4427 1041 4497 partibus
1078 4428 1320 4498 asignato
1357 4442 1546 4481 omnes
1583 4443 1840 4496 expensas
1877 4426 2225 4482 neccessarias
2262 4443 2358 4497 pro
2393 4426 2641 4480 habendo
2677 4426 2958 4480 consilium
3007 4443 3170 4497 super.
3198 4442 3383 4482 eorum
3438 4427 3797 4498 questionibus
3834 4439 3989 4498 prout

805 4562 1113 4621 preceptum
1148 4550 1306 4604 fuerit
1341 4566 1433 4620 pes
1470 4550 1639 4605 dictos
1676 4550 1940 4620 sapientes
1976 4550 2063 4604 vel
2098 4550 2357 4604 maiorem
2394 4562 2600 4620 partem
2653 4550 2905 4620 ipsorum.
2945 4548 3011 4603 Et
3047 4549 3297 4604 dominus
3352 4563 3583 4621 potestas
3623 4552 3786 4621 possit
3822 4563 3875 4606 et
3910 4562 3988 4606 te-

806 4684 994 4726 neatur
1031 4672 1352 4743 compellere
1388 4672 1560 4727 dictos
1595 4674 1859 4743 sapientes
1908 4673 1995 4726 vel
2050 4673 2310 4727 maiorem
2365 4684 2571 4743 partem
2627 4672 2861 4742 ipsorum
2900 4684 2955 4727 et
2989 4673 3277 4743 quemlibet
3329 4673 3568 4743 ipsorum
3604 4674 3693 4745 qui
3730 4673 3884 4729 fuerit
3920 4674 3985 4727 ad

811 4795 1012 4850 dictum
1050 4796 1286 4850 officium
1325 4796 1697 4851 exercendum.
1737 4807 1794 4849 vt
1829 4795 2031 4850 dictum
2085 4795 2321 4851 officium
2376 4808 2657 4850 exerceant
2694 4808 2747 4849 et
2783 4796 2978 4850 ducant
3013 4796 3078 4850 ad
3117 4795 3366 4851 effectum
3423 4797 3712 4852 secundum
3759 4797 3987 4851 formam

806 4919 1166 4973 ordinamenti
1203 4920 1408 4990 quoties
1445 4917 1600 4973 fuerit
1636 4919 1914 4990 requisitus
1950 4936 1980 4972 a
2018 4918 2249 4989 partibus
2301 4919 2650 4990 littigantibus
2687 4918 2772 4973 vel
2810 4919 2876 4973 ab
2911 4919 3086 4990 aliqua
3136 4919 3369 4990 ipsarum
3418 4919 3530 4974 siue
3566 4920 3632 4973 ab
3668 4918 3842 4990 aliqua
3879 4936 3989 4989 per-

805 5058 954 5096 sona.
992 5054 1047 5096 et
1083 5059 1193 5097 non
1230 5054 1473 5097 teneatur
1509 5042 1678 5097 dictus
1715 5041 1965 5097 dominus
2002 5053 2234 5112 potestas
2270 5058 2364 5096 seu
2400 5042 2591 5097 debeat
2644 5042 2811 5097 dictas
2865 5054 3039 5113 partes
3076 5055 3357 5113 postquam
3395 5042 3571 5097 eidem
3609 5043 3856 5112 potestati
3895 5042 3987 5096 de-

798 5165 1109 5218 nuntiatum
1146 5165 1302 5219 fuerit
1339 5182 1519 5220 coram
1557 5164 1793 5236 predicto
1829 5164 2051 5219 domino
2087 5176 2347 5235 potestate
2384 5165 2567 5219 audire
2601 5166 2741 5235 ipsas
2777 5177 2950 5235 partes
2975 5165 3061 5219 vel
3085 5164 3317 5236 aliquam
3343 5165 3573 5235 ipsarum
3609 5181 3764 5235 super
3801 5180 3989 5219 eorum

805 5288 1185 5358 questionibus.
1226 5287 1291 5342 Et
1328 5288 1471 5358 quod
1507 5287 1759 5341 dominus
1795 5298 2027 5357 potestas
2064 5298 2118 5340 et
2154 5300 2387 5342 rectores
2421 5287 2683 5341 sotietatis
2717 5298 3003 5342 teneantur
3040 5285 3209 5341 facere
3247 5286 3447 5341 attendi
3484 5299 3538 5341 et
3573 5288 3842 5342 obseruari
3878 5304 3989 5358 pre·

806 5422 1017 5464 sentem
1053 5411 1487 5466 ordinamenturn
1524 5428 1554 5465 a
1591 5426 1921 5482 quacumque
1959 5425 2181 5479 persona
2218 5408 2484 5480 littigante
2519 5426 2643 5464 cum
2679 5408 2855 5480 aliqua
2901 5424 3127 5480 persona
3163 5408 3302 5463 dicte
3337 5407 3465 5464 ville
3501 5410 3793 5465 bennamm
3830 5422 3884 5464 et
3918 5410 3991 5463 ibi

804 5532 1082 5587 habitanti.
1123 5533 1189 5587 Et
1224 5532 1473 5588 dominus
1510 5545 1742 5604 potestas
1779 5514 1947 5603 possit
1982 5544 2035 5587 et
2070 5544 2315 5587 teneatur
2368 5531 2662 5603 astringere
2714 5531 3005 5603 quamlibet
3042 5543 3246 5601 partem
3283 5531 3348 5586 ad
3388 5533 3722 5588 obseruanda
3758 5534 3990 5604 predicta

809 5666 861 5708 et
896 5656 1171 5726 imponere
1207 5656 1384 5711 eidem
1420 5667 1473 5709 et
1508 5655 1722 5710 cuilibet
1757 5671 1940 5709 earum
1978 5671 2169 5725 penam
2206 5671 2370 5726 usque
2403 5656 2458 5708 in
2485 5654 2631 5707 libris
2665 5654 2850 5708 decem
2905 5653 3197 5709 astensibus
3235 5671 3332 5726 pro
3368 5655 3613 5725 predictis
3650 5655 3991 5711 obseruandis

920 5858 1017 5931 24
