5117 6834
786 661 1253 753 baennarum,
1296 658 1509 745 illum
1564 660 2055 739 habitatorem
2116 659 2233 767 uel
2292 659 2464 740 illos
2518 659 2880 754 absoluat.
2940 659 3265 753 licentiet
3323 682 3396 741 et
3453 664 3730 765 quietet
3767 689 3807 741 a
3846 661 3971 769 tali

783 817 1241 898 habitatione
1299 836 1372 897 et
1427 817 1517 897 ab
1574 819 1786 897 omni
1841 818 2340 922 promissione
2398 817 2585 898 facta
2639 846 2766 923 per
2841 820 3084 924 ipsum
3141 819 3262 918 uel
3318 820 3521 925 ipsos
3576 821 3971 913 occasione

783 974 962 1055 dicti
1020 976 1505 1056 habitamenti
1563 977 1866 1056 comuni
1927 977 2073 1055 iam
2132 977 2359 1059 dicto.
2446 979 2546 1055 ita
2629 977 2831 1081 quod
2888 1005 2928 1056 a
2985 977 3223 1058 modo
3298 976 3581 1057 dictum
3647 1004 3971 1097 comune

784 1164 938 1215 non
993 1153 1329 1214 teneatur
1385 1136 1627 1239 ipsum
1685 1131 1805 1214 uel
1863 1136 2065 1239 ipsos
2121 1133 2543 1213 deffendere
2599 1153 2980 1239 tamquam
3038 1137 3280 1216 ciuem
3320 1134 3440 1216 uel
3477 1136 3969 1215 habitatorem

786 1298 1259 1374 baennarum.
1320 1292 1449 1372 sed
1507 1294 1826 1373 omnino
1884 1294 1977 1373 sit
2032 1292 2152 1373 uel
2209 1294 2353 1373 sint
2410 1291 2761 1398 expoliati
2818 1295 3025 1373 omni
3084 1295 3546 1399 protectione
3586 1314 3660 1374 et
3696 1294 3970 1374 deffen-

784 1453 994 1533 sione
1052 1453 1399 1531 comunis
1451 1450 1784 1556 predicti.
1827 1469 1901 1531 et
1938 1450 2141 1555 quod
2180 1449 2485 1531 ulterius
2539 1452 2944 1531 habeantur
2985 1479 3118 1556 pro
3158 1452 3525 1533 extraneis
3579 1451 3755 1531 dicti
3796 1450 3966 1530 loci.

782 1627 856 1689 et
910 1609 1004 1688 de
1060 1609 1250 1689 libro
1307 1610 1655 1689 comunis
1712 1611 2163 1689 baennarum
2217 1608 2675 1688 abradantur.
2739 1628 2812 1688 et
2866 1610 3323 1690 habitatione
3399 1578 3472 1689 et
3525 1608 3699 1689 uilla
3758 1610 3972 1688 baen-

781 1795 1041 1846 narum
1100 1786 1174 1846 et
1226 1794 1459 1873 posse
1507 1766 1976 1847 licentientur
2029 1794 2158 1872 per
2213 1785 2663 1871 potestatem
2722 1769 2845 1872 qui
2902 1766 3118 1847 fuerit
3171 1795 3309 1872 pro
3364 1786 3703 1872 tempore
3787 1766 3970 1847 infra

778 1952 907 2005 v111
944 1925 1104 2006 dies
1138 1899 1919 2030 postquam'iurauerit
1957 1926 2297 2029 regimen
2352 1952 2593 2005 suum.
2654 1952 2841 2030 pena
2900 1946 2972 2005 et
3028 1925 3277 2005 banno
3317 1927 3423 2005 eis
3458 1928 3831 2031 impositis
3868 1952 3971 2004 ar-

780 2086 1001 2164 bitrio
1056 2085 1449 2190 potestatis
1502 2083 1832 2189 predicti.
1892 2083 2095 2188 quod
2133 2101 2326 2189 post.
2354 2084 2638 2163 dictum
2694 2084 3101 2164 terminum
3155 2086 3232 2163 in
3288 2082 3461 2163 uilla
3516 2083 3967 2165 baennarum

779 2244 1151 2323 ullatenus
1206 2270 1363 2322 non
1419 2261 1828 2323 morentur.
1889 2241 2018 2322 sed
2078 2268 2212 2322 eos
2279 2242 2574 2346 penitus
2646 2241 2908 2322 habeat
2963 2270 3098 2347 pro
3174 2244 3544 2324 extraneis
3618 2262 3691 2322 et
3763 2243 3966 2348 quod

779 2403 871 2483 de
910 2422 1159 2482 cetero
1190 2430 1344 2483 non
1375 2402 1813 2507 recipiantur
1841 2429 1977 2481 nec
2008 2421 2414 2481 morentur.
2464 2403 2557 2481 Et
2594 2402 2797 2506 quod
2837 2401 3078 2483 dictus
3114 2421 3445 2508 potestas
3482 2402 3735 2508 elapso
3764 2402 3967 2483 dicto

777 2562 1104 2640 termino
1162 2587 1296 2640 eos
1352 2579 1736 2663 tamquam
1794 2559 2249 2640 habitatores
2286 2558 2405 2639 uel
2444 2561 2647 2640 ciues
2701 2587 2857 2641 non
2915 2560 3290 2640 deffendat
3329 2560 3457 2639 sed
3498 2587 3632 2640 eos
3674 2562 3969 2664 penitus

778 2719 1045 2804 habeat
1099 2746 1235 2823 pro
1294 2719 1687 2798 extraneis.
1746 2718 1840 2796 Et
1895 2716 2096 2822 quod
2154 2719 2247 2798 de
2305 2736 2569 2802 cetero
2611 2745 2768 2797 non
2825 2719 3262 2823 recipiantur
3299 2718 3522 2823 aliqui
3562 2717 3853 2799 nobiles
3889 2720 3963 2797 in

777 2879 1232 2959 habitatores
1288 2874 1408 2955 uel
1463 2877 1755 2955 uicinos
1811 2877 2012 2956 ciues
2054 2876 2189 2956 .uel
2245 2876 2821 2957 commendatos
2859 2877 3202 2955 comunis
3255 2875 3585 2981 predicti.
3644 2875 3845 2980 quod
3906 2877 3966 2954 si

780 3064 992 3117 secus
1047 3034 1279 3116 fieret.
1339 3034 1533 3114 dicta
1589 3036 1916 3140 receptio
1976 3036 2069 3114 sit
2124 3061 2330 3114 cassa
2385 3035 2549 3140 ipso
2607 3032 2802 3113 facto
2860 3053 2932 3114 et
2989 3033 3260 3113 nullius
3298 3033 3593 3113 ualoris.
3634 3034 3726 3112 Et
3763 3033 3966 3112 idem

778 3194 1235 3298 intelligatur
1309 3193 1402 3273 de
1458 3192 1891 3273 hominibus
1947 3193 2060 3275 de
2096 3192 2405 3273 nouello
2463 3210 2537 3271 et
2603 3191 2695 3272 de
2759 3191 3092 3296 quolibet
3173 3192 3323 3271 alio
3397 3190 3570 3271 loco
3643 3190 3966 3270 iurisdic-

774 3353 1005 3433 tionis
1063 3380 1191 3432 seu
1248 3350 1623 3431 districtus
1678 3350 1970 3431 domini
2027 3350 2306 3430 henrici
2392 3349 2483 3429 de
2569 3369 2852 3429 carreto
2910 3350 3044 3457 (1)
3099 3369 3252 3429 tam
3311 3349 3686 3428 nobilibus
3742 3374 3963 3451 quarn

776 3510 1232 3591 innobilibus
1288 3510 1615 3614 exceptis
1668 3510 2103 3609 hominibus
2141 3508 2233 3601 de
2273 3506 2582 3614 nouello
2622 3536 2778 3615 non
2814 3507 3316 3628 habitantibus
3356 3526 3428 3586 et
3486 3505 3729 3587 solitis
3767 3505 3965 3603 habif

778 3689 931 3750 tare
989 3672 1065 3749 in
1122 3668 1430 3749 baennis
1486 3669 1839 3749 continue
1897 3695 2068 3770 curn
2126 3668 2301 3749 foco
2358 3665 2635 3746 familia
2694 3687 2766 3746 et
2822 3667 3153 3750 cathena.
