5117 6834
834 749 931 828 34
1173 653 1580 859 QJoD
1634 733 1990 814 oMNlA
2045 731 2597 812 coNsclLlA
2652 708 3211 815 LEGANTUR
3265 733 3375 813 IN
3430 733 4009 814 coNscmo,

1305 950 1494 1153 Q
1516 1064 1676 1121 ΤΕΜ
1730 1057 2084 1157 statutum
2142 1057 2253 1119 est
2307 1037 2508 1144 quod
2565 1057 2896 1143 potestas
2963 1057 3038 1119 et
3093 1056 3418 1118 rectores
3485 1039 3861 1119 societatis
3928 1040 4378 1122 baennarum

1200 1215 1585 1277 teneantur
1637 1195 1871 1277 facere
1924 1195 2137 1277 scribi
2194 1197 2448 1277 omnia
2505 1195 2856 1277 conscilia
2911 1224 3051 1301 que
3107 1194 3291 1277 fient
3344 1196 3420 1274 in
3476 1194 3809 1300 quolibet
3863 1198 4247 1278 conscilio,
4305 1218 4379 1278 et

1109 1390 1116 1395 ·
1202 1355 1355 1459 ipsa
1394 1352 1743 1434 conscilia
1780 1352 2013 1433 facere
2051 1352 2204 1457 legi
2241 1379 2500 1433 coram·
2540 1353 3021 1434 consciliariis
3066 1371 3461 1457 antequam
3514 1353 3860 1433 recedant
3904 1382 3946 1434 a
3991 1354 4373 1436 conscilio,

1199 1513 1292 1591 Et
1347 1512 1548 1617 quod
1604 1529 1932 1616 potestas
1985 1538 2141 1591 non
2196 1513 2431 1617 possit
2482 1539 2760 1616 ponere
2817 1512 2894 1591 in
2953 1537 3106 1590 uno
3162 1508 3521 1590 conscilio
3567 1509 3754 1590 ultra
3806 1538 3907 1592 1n1
3960 1530 4372 1617 propostas.

1202 1688 1274 1749 et
1329 1671 1530 1774 quod
1588 1668 1936 1749 conscilia
1994 1669 2332 1773 legantur
2386 1671 2461 1749 in
2519 1668 2903 1750 conscilio.
2961 1668 3289 1773 alioquin
3327 1667 3842 1749 ordinamenta
3897 1697 4038 1775 que
4076 1698 4229 1751 non
4281 1670 4375 1750 le-

1202 1844 1468 1931 gentur
1524 1854 1777 1907 coram
1833 1826 2310 1907 consciliariis
2365 1844 2439 1905 et
2494 1828 2898 1906 scribentur
2953 1827 3027 1905 in
3084 1825 3288 1905 dicto
3343 1826 3702 1906 conscilio
3749 1828 3896 1907 sint
3941 1827 4213 1909 nullius
4257 1857 4376 1909 ua·

1201 1982 1402 2063 loris,
1461 1985 1554 2063 Et
1618 1983 1820 2088 quod
1886 1982 2129 2062 nullus
2192 1983 2455 2063 debeat
2523 1981 2909 2063 consulere
2965 1984 3120 2063 siue
3177 1984 3419 2063 dicere
3476 1983 3550 2063 id
3606 1983 3808 2087 quod
3864 1983 4049 2064 alius
4111 1984 4376 2065 dixerit

1202 2142 1357 2221 siue
1413 2141 1836 2221 consulerit.
1879 2160 1953 2221 et
1989 2140 2190 2245 quod
2245 2159 2576 2245 potestas
2631 2159 2962 2220 teneatur
3018 2159 3093 2219 et
3146 2140 3410 2221 debeat
3445 2139 3678 2221 facere
3724 2142 3985 2246 partita
4038 2141 4131 2222 de
4187 2171 4376 2247 quo-

1200 2297 1378 2378 libet
1434 2298 1900 2379 consciliario
1958 2298 2362 2378 secundum
2420 2297 2623 2402 quod
2683 2296 2987 2402 quilibet
3043 2297 3442 2378 consulerit
3495 2325 3631 2403 pro
3689 2325 3790 2378 se.

837 2762 925 2841 35
1177 2695 1402 2859 DE
1455 2771 1928 2854 RATIONE
1983 2768 2565 2849 REDDENDA.

1306 2991 1496 3193 Q
1524 3104 1682 3159 TEM
1736 3095 2090 3158 statutum
2149 3095 2260 3156 est
2314 3077 2515 3181 quod
2575 3095 2906 3181 potestas
2951 3095 3283 3156 teneatur
3319 3075 3551 3156 facere
3607 3078 3974 3156 rationem
4010 3077 4104 3157 de
4143 3081 4379 3160 causis

1202 3237 1590 3318 ordinariis
1643 3234 1857 3316 alicui
1911 3262 2226 3340 persone
2290 3236 2429 3314 nisi
2485 3236 2717 3314 tribus
2780 3233 3038 3314 diebus
3091 3235 3168 3314 in
3225 3233 3614 3314 edomada.
3672 3233 3950 3314 scilicet
4004 3236 4123 3316 die
4180 3236 4373 3317 lune.

1201 3390 1321 3474 die
1378 3394 1740 3474 mercurii.
1800 3412 1871 3473 et
1926 3393 2045 3473 die
2100 3394 2412 3473 ueneris.
2469 3394 2584 3472 Eo
2624 3392 2832 3473 saluo
2888 3391 3090 3496 quod
3130 3393 3204 3472 in
3243 3391 3491 3472 litibus
3546 3393 3877 3498 inceptis.
3919 3393 3995 3472 in
4042 3393 4372 3474 testibus.

1202 3570 1276 3631 et
1328 3551 1490 3632 aliis
1546 3551 2105 3657 probationibus
2141 3549 2491 3631 faciendis
2537 3550 2658 3631 uel
2697 3550 3192 3657 producendis
3236 3577 3394 3630 non
3440 3549 3706 3630 debeat
3759 3550 4219 3656 litigantibus
4255 3551 4376 3631 ali·

1201 3708 1403 3813 quod
1459 3708 1942 3813 preiudicium
2000 3709 2354 3813 generari.

839 4168 933 4268 36
1182 4082 1405 4246 DE
1461 4159 1730 4240 PENA
1787 4154 2285 4236 IMPOSITA
2340 4150 3142 4233 ARANCANTIBUS
3212 4141 3348 4248 (5)
3385 4148 3941 4230 TERMINOS.

1309 4374 1496 4576 Q
1518 4495 1673 4550 TEM
1729 4487 2081 4548 statutum
2123 4486 2233 4548 est
2269 4468 2470 4573 quod
2510 4471 2573 4548 si
2613 4468 3058 4548 inueniretur
3096 4467 3357 4571 aliquis
3394 4470 3754 4548 terminus
3790 4470 4133 4549 comunis
4178 4497 4376 4550 aran—

1202 4647 1406 4707 catus
1459 4644 1855 4731 postquam
1908 4627 2196 4731 positus
2258 4623 2471 4705 fuerit
2526 4652 2654 4737 per
2718 4626 3278 4705 aterrninatores
3333 4627 3675 4705 comunis
3740 4624 4187 4705 baennarum
4253 4625 4375 4706 ille

1087 4865 1098 4873 ,
1203 4785 1294 4865 ad
1354 4785 1561 4864 cuius
1616 4784 2172 4890 possessionem
2231 4784 2427 4863 iuxta
2466 4783 2757 4887 positus
2804 4781 3017 4862 fuerit
3064 4780 3305 4861 soluat
3349 4809 3485 4886 pro
3530 4809 3719 4886 pena
3764 4782 4050 4863 solidos
4113 4811 4186 4863 v,
4237 4785 4373 4864 nisi

1201 4943 1632 5024 indicauerit
1688 4944 1813 5048 qui
1868 4942 2149 5021 dictum
2204 4942 2605 5021 terminum
2664 4957 3094 5020 erancasset.
3153 4939 3274 5019 uel
3330 4940 3681 5020 indicaret
3726 4941 3929 5045 quod
3978 4941 4192 5020 sciret
4241 4960 4377 5020 ter—

1200 5104 1491 5182 minum
1549 5119 1996 5182 arancatum.
2057 5098 2267 5179 illum
2322 5118 2632 5205 poneret
2687 5100 2763 5179 in
2820 5098 2993 5179 loco
3049 5099 3142 5179 de
3199 5126 3351 5203 quo
3408 5117 3600 5178 esset
3636 5117 4037 5178 arancatus.
4087 5115 4210 5176 aut
4257 5098 4377 5178 de-

1199 5262 1575 5341 nunciaret
1630 5259 1979 5364 potestati
2035 5259 2235 5364 quod
2273 5276 2654 5338 arancatus
2691 5274 2906 5337 esset.
2965 5274 3040 5336 et
3093 5259 3358 5336 iaceret
3415 5257 3655 5361 ipsum
3709 5257 3891 5360 poni
3947 5256 4131 5335 sicut
4188 5274 4375 5335 stare

1196 5435 1709 5499 consueuerat:
1769 5426 1845 5491 Et
1889 5423 2166 5515 quelibet
2210 5446 2478 5512 persona
2523 5424 2727 5512 possit
2770 5422 2920 5491 inde
2964 5445 3277 5490 accusare.
3327 5439 3389 5489 et
3435 5423 3494 5488 ei
3539 5423 3897 5488 iuramento
3943 5420 4249 5488 credatur.
4302 5421 4375 5487 Et

1195 5593 1472 5664 potestas
1518 5576 1720 5662 possit
1765 5573 1910 5641 inde
1958 5574 2295 5662 inquirere.
