5117 6834
720 3017 868 3096 180

1088 586 1493 707 ‘scaletam.
1553 584 1646 665 ad
1703 612 1896 691 quos
1950 583 2172 665 ludos
2228 584 2469 689 possit
2524 582 2680 664 ludi
2746 544 3075 689 impune.
3150 600 3225 663 et
3296 582 3424 686 qui
3497 578 4011 664 contrafecerit
4072 581 4319 663 soluat

1108 771 1247 849 pro
1303 769 1495 849 pena
1550 744 1858 847 quocies
1912 740 2167 823 fecerit
2232 741 2522 824 solidos
2586 765 2660 821 x'
2692 741 2770 822 in
2827 740 2972 822 die.
3031 760 3107 823 et
3162 741 3241 823 in
3296 736 3520 823 nocte
3578 739 3868 822 solidos
3919 769 4022 821 xx
4090 743 4316 823 curie.

1086 902 1207 1013 ,Et
1265 902 1391 1006 qui
1444 918 1805 1007 prestaret
1858 899 2295 983 addictum
2351 899 2614 980 ludum
2670 901 3079 981 substineat
3132 899 3420 988 dictum
3492 898 3849 999 bannum.
3909 873 4085 981 nisi·
4119 920 4317 982 esset
4419 961 4424 966 ·

1111 1078 1455 1164 tempore
1513 1085 1779 1164 guerre
1853 1036 2247 1163 generalis
2318 1084 2473 1164 quo
2546 1077 2889 1165 tempore
2965 1057 3410 1139 conscilium
3464 1058 3706 1164 possit
3761 1058 3939 1141 inde
3998 1058 4171 1140 dare
4236 1058 4319 1139 li-

1112 1218 1461 1299 centiam.
1522 1217 1617 1297 Et
1672 1217 1734 1297 si
1790 1216 1956 1322 quis
2011 1216 2467 1298 inueniretur
2529 1216 2689 1297 ullo
2755 1215 2996 1299 modo
3052 1217 3257 1297 iuxta
3310 1216 3740 1298 baszaciam·
3790 1218 3927 1326 (2)
3989 1218 4314 1324 planam.

1111 1378 1382 1457 iacens.
1444 1374 1791 1455 eamdem
1845 1400 2119 1481 penam
2175 1374 2587 1456 substineat
2640 1394 2722 1455 ut
2778 1374 3069 1456 ludens,
3127 1376 3221 1457 Et
3266 1375 3393 1457 ille
3430 1376 3510 1456 in
3557 1377 3767 1457 cuius
3808 1376 4061 1457 domo
4116 1375 4318 1458 lude-
4361 1353 4365 1357 ἢ

1109 1552 1308 1614 retur
1364 1533 1426 1613 si
1465 1534 1704 1613 sciret.
1765 1552 1839 1613 et
1892 1531 2019 1613 ille
2075 1533 2202 1638 qui
2257 1552 2616 1639 prestaret
2671 1532 3026 1614 denarios
3071 1532 3196 1614 uel
3250 1531 3575 1615 taxilles.
3634 1533 3881 1614 soluat
3933 1562 4072 1640 pro
4125 1562 4318 1641 pena

1110 1691 1188 1771 in
1246 1690 1367 1771 die
1426 1690 1718 1772 solidos
1752 1719 1803 1770 x
1839 1710 1915 1771 et
1969 1676 2050 1771 in
2102 1709 2326 1772 nocte
2383 1690 2673 1775 solidos
2727 1719 2827 1772 xx
2881 1692 3103 1772 curie.
3161 1692 3258 1772 Et
3311 1692 3587 1775 eodem
3642 1691 3883 1773 modo
3949 1692 4170 1775 ludus
4215 1692 4318 1774 bi-

1110 1849 1377 1930 liarum
1433 1850 1529 1929 sit
1582 1833 1661 1929 in
1718 1850 1993 1930 banno,
2056 1849 2240 1928 item
2296 1848 2501 1954 quod
2556 1849 2824 1955 aliquis
2884 1877 3042 1930 non
3106 1851 3347 1956 possit
3419 1825 3674 1932 ludere
3728 1848 3823 1931 ad
3896 1832 4206 1931 tabulas·
4238 1852 4315 1931 in

1110 2006 1353 2112 aliqua
1414 2008 1652 2087 domo
1710 2007 1907 2087 curia
1964 2006 2121 2087 siue
2176 2026 2381 2087 tecto
2455 2011 2532 2086 in
2605 2034 2830 2115 posse
2902 2007 3357 2090 baennarum
3436 2008 3571 2090 sub
3630 2006 3894 2088 eadem
3948 2035 4163 2114 pena.
4222 2009 4318 2089 Et
4449 2046 4454 2050 ·

1110 2163 1438 2270 quelibet
1490 2191 1810 2270 persona
1862 2164 2102 2270 possit
2156 2191 2496 2246 accusare
2553 2164 3188 2247 contrafacientes.
3247 2184 3324 2246 et
3377 2167 3447 2246 ei
3503 2168 3839 2247 credatur
3892 2167 4314 2248 iuramento

1109 2323 1202 2403 Et
1259 2322 1526 2403 habeat
1580 2323 1876 2403 tertiam
1930 2342 2219 2428 partem
2272 2323 2521 2404 banni.
2581 2325 2676 2405 Et
2706 2344 3061 2430 ‚potestas
3113 2325 3354 2431 possit
3409 2326 3637 2406 etiam
3695 2352 3911 2431 super
3962 2324 4318 2432 predictis

1113 2480 1506 2586 inquirere.
1564 2479 1816 2586 aliquo
1873 2480 2197 2587 capitulo
2255 2481 2452 2563 facto
2507 2482 2587 2562 in
2645 2483 3102 2563 contrarium
3155 2510 3315 2565 non
3372 2483 3744 2596 obstante.

1082 2937 1316 3106 DE
1370 3013 1929 3100 CLAUSURIS
1980 2967 2279 3096 UILLE
2329 2959 2572 3097 NON
2639 3011 2910 3097 AUFF
2918 2950 3351 3097 ERENms
3402 3011 3543 3095 ET
3593 2940 4306 3097 TRANSEUNTIss

1343 3172 1346 3176 *
1421 3175 1614 3259 Bus
1663 3172 1865 3256 Ntsr
1915 3171 2110 3295 PER
2161 3169 2599 3255 PORTAS.
4198 3208 4202 3213 ,

1220 3392 1411 3598 Q
1427 3509 1586 3564 TEM
1624 3500 1985 3563 statutum
2023 3500 2136 3565 est
2166 3480 2369 3588 quod
2401 3482 2462 3562 si
2491 3480 2757 3585 aliquis
2783 3479 3084 3586 fregerit
3113 3507 3246 3562 seu
3284 3482 3558 3587 ceperit
3587 3481 3681 3562 de
3717 3482 4072 3563 clausuris
4100 3510 4315 3589 spau-⁴

1109 3642 1226 3723 dis
1281 3640 1417 3748 (3)
1472 3638 1594 3721 uel
1651 3638 1815 3720 aliis
1870 3640 2060 3721 circa
2114 3637 2373 3720 uillam
2428 3636 2551 3720 uel
2607 3638 2878 3743 ayralia
2933 3614 3388 3758 baennarum
3424 3639 3548 3720 uel
3584 3641 3954 3720 transierit
3991 3640 4135 3721 nisi
4179 3667 4309 3748 per

1105 3819 1363 3907 portas
1417 3797 1541 3879 uel
1591 3817 2024 3905 pusternam
2081 3798 2223 3879 nisi
2280 3781 2440 3879 iret'
2473 3796 2568 3878 ad
2625 3795 3014 3878 criaforam
3067 3798 3306 3878 rixam
3360 3797 3483 3878 uel
3538 3799 3956 3879 stremitam
4009 3799 4131 3879 uel
4169 3827 4307 3905 pro

1015 4029 1020 4033 .
1107 3957 1287 4064 lupo
1344 3957 1471 4063 qui
1527 3955 1960 4037 comederet
2014 3956 2340 4061 aliquam
2400 3956 2737 4037 bestiam.
2794 3954 2917 4036 uel
2970 3954 3064 4035 ad
3120 3955 3406 4060 ignem.
3463 3954 3669 4036 dabit
3704 3984 3842 4062 pro
3878 3983 4070 4062 pena
4117 3984 4311 4062 quo-

1105 4117 1259 4196 cies
1311 4113 1566 4219 fecerit
1621 4113 1911 4195 solidos
1960 4116 2013 4193 'x
2070 4090 2267 4194 curie
2323 4114 2401 4194 in
2457 4132 2706 4194 nocte.
2766 4132 2841 4194 et
2894 4113 2972 4193 in
3027 4111 3149 4193 die
3206 4112 3496 4195 solidos
3529 4141 3580 4193 v
3618 4113 3817 4195 curie
3856 4133 3931 4195 et
3984 4105 4304 4225 totidem

1103 4300 1242 4379 pro
1299 4271 1639 4353 emenda.
1700 4272 1763 4352 si
1813 4289 2150 4378 potestas
2189 4272 2507 4353 sciuerit.
2549 4271 2693 4352 nisi
2731 4289 2928 4353 esset
2962 4270 3310 4379 parabola
3347 4270 3483 4380 (4)
3546 4272 3941 4377 potestatis
3977 4270 4100 4353 uel
4149 4271 4308 4353 eius

1107 4431 1364 4512 locum
1438 4431 1785 4512 tenentis.
1862 4430 1956 4510 Et
2022 4430 2146 4534 qui
2212 4430 2487 4535 ceperit
2551 4429 2646 4511 de
2714 4430 2942 4536 stepis
3005 4450 3078 4511 et
3141 4429 3305 4511 aliis
3357 4432 3578 4511 rebus
3633 4431 4003 4512 comunis.
4063 4429 4310 4511 soluat

1109 4588 1399 4671 solidos
1451 4616 1552 4668 xx
1609 4588 1806 4668 curie
1864 4608 1937 4669 et
1991 4587 2314 4669 totidem
2367 4615 2505 4695 pro
2562 4588 2880 4669 emenda
2953 4588 3260 4670 comuni
3315 4591 3625 4696 quocies
3679 4587 3956 4670 fecerit.
4012 4589 4107 4670 Et
4160 4589 4307 4669 hoc

1110 4745 1570 4852 intelligatur
1626 4745 1719 4827 de
1775 4749 1993 4827 rebus
2031 4746 2274 4828 ductis
2311 4748 2388 4828 in
2428 4748 2736 4829 seruitio
2774 4748 3143 4828 comunis,
3183 4747 3305 4833 uel
3343 4746 3692 4828 clausule.
3735 4767 3810 4828 et
3845 4765 3997 4829 tres
4034 4749 4310 4828 domus

1110 4906 1269 4987 siue
1324 4906 1462 4986 tria
1517 4906 1854 5012 hospicia
1914 4906 2414 5012 proximiores
2485 4906 2609 4988 uel
2681 4906 3141 5012 proximiora
3216 4905 3410 4987 loco
3447 4907 3528 4987 in
3582 4934 3734 5012 quo
3792 4925 4042 4987 essent
4096 4924 4305 5012 capte

1109 5063 1306 5145 dicte
1364 5082 1569 5170 stepe
1624 5062 1748 5145 uel
1803 5063 2133 5145 clausure
2190 5065 2536 5146 comunis
2590 5082 2979 5145 teneantur
3052 5063 3448 5145 emendare
3505 5082 3579 5145 et
3632 5064 4016 5145 restituere
4073 5063 4308 5145 dictas

1111 5241 1357 5328 stepas
1410 5223 1743 5303 comuni.
1802 5221 1925 5303 uel
1981 5249 2320 5303 accusare
2374 5223 2730 5327 potestati
2784 5224 2912 5326 qui
2965 5222 3329 5328 acceperit
3384 5222 3619 5303 dictas
3674 5240 3942 5328 stepas,
4001 5221 4094 5301 Et
4137 5249 4308 5327 que-

1112 5377 1292 5462 libet
1345 5407 1665 5487 persona
1718 5381 1960 5487 possit
2014 5380 2188 5461 inde
2245 5407 2585 5462 accusare
2642 5381 3064 5462 iuramento
3106 5400 3181 5461 et
3218 5381 3286 5462 ei
3333 5380 3669 5462 credatur
3725 5398 3801 5460 et
3853 5381 4302 5462 accusationi

1113 5566 1241 5620 sue
1300 5557 1374 5618 et
1427 5538 1694 5620 habeat
1748 5541 2042 5620 tertiam
2097 5557 2385 5645 partem
2440 5539 2690 5620 banni.
2747 5540 2843 5620 Et
2896 5538 3223 5646 quelibet
3283 5565 3601 5645 persona
3672 5540 3913 5645 possit
3967 5564 4306 5619 accusare
