5117 6834
2203 343 2750 445 LXXXIII

892 634 1403 717 contrafecerit
1461 636 1704 716 soluat
1759 638 2064 741 quocies
2119 640 2629 717 contrafecerit
2708 614 2999 717 solidos
3055 666 3102 717 11
3173 640 3370 717 curie
3428 657 3500 717 et
3556 640 3873 718 totidem
3931 666 4065 742 pro

891 794 1209 875 emenda
1262 821 1484 898 passo
1540 792 1971 899 dampnum.
2014 796 2106 873 Et
2144 795 2465 899 quelibet
2505 821 2819 899 persona
2855 797 3093 900 possit
3129 822 3405 900 ponere
3462 784 3713 875 niuem
3772 795 4065 900 dispon-

889 953 1221 1073 derando
1278 952 1595 1032 domum
1655 954 1809 1033 siue
1867 972 2143 1032 tectum
2205 954 2276 1032 in
2337 956 2753 1054 quintaneis
2790 954 2924 1060 (1)
2963 973 3034 1033 et
3092 956 3414 1033 curtibus
3470 955 3658 1034 inter
3716 956 3952 1058 ipsum
3993 974 4066 1034 et

890 1130 1302 1191 consortes,
1363 1112 1519 1191 siue
1578 1130 2004 1191 consortem
2065 1110 2260 1227 licite
2319 1131 2391 1189 et
2448 1112 2605 1191 sine
2665 1110 2935 1191 banno.
2976 1113 3067 1190 Et
3105 1111 3428 1215 quelibet
3468 1138 3778 1216 persona
3833 1113 4066 1217 possit

891 1269 1061 1348 inde
1119 1296 1455 1348 accusare
1515 1288 1587 1348 et
1643 1270 1711 1349 ei
1769 1270 2187 1348 iuramento
2244 1269 2599 1348 credatur.
2661 1289 2731 1349 et
2788 1269 3049 1348 habeat
3133 1272 3423 1349 tertiam
3479 1291 3761 1375 partem
3822 1271 4061 1350 banni.

890 1427 983 1507 Et
1039 1445 1370 1531 potestas
1424 1446 1758 1507 teneatur
1814 1429 2047 1506 tacere
2105 1428 2337 1507 teneri
2397 1427 2740 1531 expedita
2796 1427 2988 1506 dicta
3047 1427 3232 1507 loca.
3292 1430 3383 1508 Et
3440 1431 3498 1508 si
3556 1457 3698 1533 qua
3753 1456 4066 1533 persona
4121 1425 4128 1432 ’

889 1586 1207 1665 tenuerit
1262 1584 1618 1689 impedita
1674 1585 1867 1664 dicta
1923 1585 2110 1665 loca.
2170 1585 2513 1665 eamdem
2569 1613 2835 1690 penam
2879 1588 3213 1665 incurrat.
3257 1588 3345 1666 Et
3385 1586 3709 1690 quelibet
3756 1614 4067 1690 persona

888 1745 1128 1847 possit
1185 1744 1358 1823 inde
1414 1762 1777 1823 accusare.
1838 1763 1909 1822 et
1967 1745 2032 1823 ei
2092 1744 2508 1823 iuramento
2567 1744 2920 1823 credatur.
2965 1746 3056 1823 Et
3093 1764 3422 1849 potestas
3476 1746 3711 1849 possit
3752 1744 3919 1823 inde
3969 1746 4069 1822 in-

890 1902 1198 2005 quirere.

502 2363 646 2441 349
877 2241 1097 2407 DE
1169 2319 1645 2401 FOSSATO
1720 2319 2243 2400 FACIENDO
2297 2318 2371 2399 A
2424 2318 2965 2400 MONTATA
3047 2319 3409 2400 PLOBIE
3489 2321 3833 2417 USQUE
3909 2324 4047 2403 AD

1189 2478 1589 2560 COSTAS
1644 2478 1948 2558 SECUS
2003 2477 2267 2558 UIAM
2320 2476 2982 2571 SARMATORII.

1014 2761 1140 2876 ssfgssf
1206 2825 1363 2877 TEM
1420 2816 1776 2876 statutum
1835 2815 1945 2877 est
2001 2799 2204 2900 quod
2261 2797 2588 2905 quelibet
2642 2824 2957 2902 persona
3015 2797 3294 2878 habens
3349 2800 3903 2902 possessionem
3945 2798 4067 2877 ali-

890 2982 1112 3059 quam
1172 2959 1261 3034 ab
1319 2956 1542 3060 ayrali
1601 2956 1973 3061 urglizoni
2034 2956 2286 3061 lingue
2344 2984 2574 3061 usque
2631 2957 2723 3036 ad
2780 2975 3026 3035 costas
3099 2982 3311 3035 secus
3391 2957 3590 3035 uiam
3657 2958 4066 3035 sarmatorii

891 3114 980 3191 ab
1037 3132 1340 3218 utraque
1397 3135 1597 3218 parte
1656 3116 1773 3193 uie
1829 3134 2163 3195 teneatur
2219 3113 2452 3195 facere
2510 3115 2700 3193 inter
2756 3141 2833 3193 se
2893 3133 2963 3194 et
3021 3142 3343 3194 comune
3381 3133 3671 3194 tantum
3710 3133 4068 3218 quantum

888 3272 1389 3383 tenuerit-sua
1444 3274 1821 3376 possessio
1878 3300 2108 3351 unum
2166 3272 2527 3352 fossatum
2586 3272 2876 3375 largum
2934 3289 3098 3352 11110‘
3166 3272 3474 3386 pedibus
3513 3290 3585 3352 et
3623 3271 4067 3376 profundum

889 3428 1121 3508 tribus
1174 3429 1484 3534 pedibus
1538 3459 1577 3508 a
1635 3432 1870 3510 carnis
1925 3430 2180 3535 pluuio
2235 3432 2586 3535 proximo
2640 3457 2873 3534 usque
2930 3430 3021 3509 ad
3077 3429 3348 3510 festum
3403 3450 3872 3535 pentecostes
3906 3460 4070 3536 pro-

891 3588 1205 3665 ximum.
1265 3607 1339 3667 et
1394 3586 1716 3691 quelibet
1771 3615 2087 3692 persona
2144 3607 2474 3668 teneatur
2530 3608 3010 3669 manutenere
3084 3589 3364 3669 dictum
3421 3587 3779 3669 fossatum
3837 3617 4068 3670 scura-

764 3724 769 3729 ⁴
891 3763 1050 3823 tum
1111 3765 1183 3824 et
1239 3764 1577 3849 aptatum
1618 3745 1720 3851 ‘de
1778 3773 1876 3826 1111
1931 3746 2244 3851 pedibus
2301 3765 2373 3825 et
2428 3746 2660 3825 tribus
2714 3746 3164 3851 pedibus'ut
3219 3746 3502 3825 dictum
3560 3765 3670 3825 est
3709 3747 3842 3826 sub
3881 3775 4068 3851 pena

891 3922 963 3983 et
1022 3905 1269 3983 banno
1327 3903 1743 3983 solidorum
1803 3924 1876 3983 111
1935 3923 2006 3983 et
2062 3905 2384 3984 totidem
2421 3932 2557 4009 pro
2598 3904 2936 3983 emenda.
2996 3905 3088 3983 Et
3126 3902 3657 3983 nichilominus
3709 3931 3896 4008 pena
3955 3932 4068 3984 so-

891 4059 1040 4141 luta
1096 4080 1429 4141 tencatur
1487 4080 1969 4141 manutenere
2025 4060 2307 4141 dictum
2363 4060 2723 4141 fossatum
2782 4080 2863 4140 ut
2919 4060 3199 4141 dictum
3257 4079 3389 4141 est.
3448 4062 3540 4140 Et
3592 4079 3923 4165 potestas
3968 4081 4069 4141 te-

891 4239 1146 4298 neatur
1203 4239 1276 4297 et
1330 4221 1568 4324 possit
1623 4219 1795 4300 inde
1852 4221 2235 4325 inquirere.

503 4673 652 4752 350
872 4552 1091 4715 DE
1152 4626 1630 4709 possesso
1688 4576 2214 4707 FACIENDO
2270 4626 2575 4706 secus
2657 4626 3092 4707 COSTAM
3169 4628 3614 4709 ssANALLI
3696 4632 4036 4727 USQUE

1185 4788 1325 4868 AD
1382 4786 1701 4866 FINEM
1756 4786 2131 4866 sANCTI
2184 4784 2589 4865 ALBANI.

895 5280 1189 5360 sionem
1246 5279 1687 5383 contiguam
1744 5276 2047 5357 comuni
2109 5302 2321 5356 secus
2376 5294 2664 5356 costam
2720 5276 3014 5356 banalli.
3073 5304 3116 5355 a
3169 5294 3358 5355 terra
3413 5276 3596 5355 mini
3627 5275 3720 5356 de
3758 5274 4068 5357 nouello

889 5463 1030 5541 que
1089 5453 1200 5515 est
1255 5436 1502 5516 subter
1542 5434 1874 5539 yssolam
1913 5434 2047 5541 (2)
2090 5432 2389 5514 illorum
2427 5434 2520 5513 de
2560 5452 3043 5537 costamagna
3072 5433 3404 5537 superius
3438 5460 3669 5537 usque
3708 5433 4066 5514 adfinem

892 5594 1118 5674 sancti
1186 5592 1428 5675 albani
1496 5613 1831 5674 teneatur
1886 5612 1959 5674 et
2015 5591 2278 5673 debeat
2360 5592 2594 5672 facere
2670 5592 2858 5671 inter
2933 5617 3010 5670 se
3085 5608 3160 5671 et
3231 5617 3552 5694 comune
3621 5617 3853 5671 unum
3925 5588 4067 5671 fos-
