5117 6834
406 1905 553 1988 17²

404 3374 543 3459 173

2075 274 2649 381 XXXVIII

805 572 1409 635 commorantem
1466 554 1543 633 in
1600 572 1843 634 castro
1881 553 2337 634 baennarum
2390 570 2691 660 propter
2746 552 3103 633 uicarium
3156 551 3279 632 uel
3331 571 3786 660 potestatem
3831 572 3986 635 tam

800 712 879 793 in
934 712 1182 793 uerbis
1235 711 1609 818 quamde
1665 711 1877 792 factis
1931 730 2006 794 et
2060 710 2386 817 aliquem
2440 712 2835 792 hominem
2892 713 3366 792 baennarum.
3424 712 3630 818 quod
3687 710 3810 795 ille
3865 710 3988 794 uel

799 869 908 952 illi
964 870 1058 952 de
1111 870 1422 952 baennis
1475 870 1824 976 predictis
1876 870 2169 951 nunciis
2221 886 2612 952 teneantur
2667 868 2958 951 soluere
3014 869 3427 950 secundum
3480 870 3686 976 quod
3742 872 3820 952 in
3875 898 3989 951 ca·
4123 856 4130 861 ’

797 1027 1052 1136 pitulis
1104 1020 1559 1111 baennarum
1615 1028 2038 1109 continetur
2090 1026 2302 1109 factis
2354 1028 2544 1108 inter
2599 1029 2951 1110 homines
3005 1029 3484 1109 baennarum.
3544 1048 3619 1110 et
3685 1027 3808 1111 ille
3863 1029 3985 1110 uel

801 1186 909 1268 illi
964 1188 1092 1292 qui
1151 1186 1474 1267 facerent
1529 1186 1807 1267 dictam
1861 1187 2099 1267 rixam
2155 1212 2328 1266 cum
2383 1186 2601 1267 dictis
2656 1187 2948 1267 nunciis
3002 1186 3123 1267 uel
3178 1186 3430 1294 aliquo
3484 1187 3987 1293 predictorum

803 1345 1151 1426 eamdem
1204 1370 1480 1452 penam
1535 1343 2021 1424 substineant.
2078 1344 2174 1424 Et
2227 1341 2625 1424 familiares
2695 1343 2874 1424 dicti
2942 1343 3235 1425 domini
3291 1345 3661 1452 episcopi„
3710 1345 3985 1426 uicarii.
4080 1375 4097 1397 ⁴

801 1521 878 1583 et
930 1503 1323 1608 potestatis
1376 1501 1781 1583 habeantur
1836 1518 1911 1582 et
1964 1520 2391 1608 reputentur
2445 1519 2830 1608 tamquam
2885 1502 3238 1583 homines
3291 1503 3385 1584 de
3442 1502 3771 1585 baennis.

773 1797 1001 1964 DE
1053 1879 1416 1962 BESTIA
1469 1881 1876 1967 GROSSA
1927 1881 2377 1967 FURTIUE
2411 1883 2689 1969 CAPT
2687 1886 2786 1970 A.

907 2093 1097 2299 ἐξ
1119 2217 1278 2273 ΤΕΜ
1333 2211 1693 2273 statutum
1732 2211 1845 2273 est
1881 2192 2086 2298 quod
2126 2192 2187 2273 si
2225 2191 2468 2299 aliqua
2515 2218 2837 2298 persona
2892 2190 3216 2297 aliquam
3275 2191 3587 2271 bestiam
3643 2216 3987 2296 grossam

796 2349 1182 2432 bouinam.
1240 2349 1659 2431 uachinam.
1718 2349 2182 2430 mulatinam.
2241 2350 2606 2430 asininam
2662 2349 2928 2430 fiartiue
2986 2349 3282 2454 ceperit.
3339 2347 3647 2429 alicuius
3718 2347 3991 2429 habita·

799 2510 988 2590 toris
1042 2510 1122 2589 in
1175 2509 1483 2619 baennis
1535 2507 1659 2587 uel
1713 2534 1958 2613 posse.
2020 2506 2265 2589 soluat
2317 2535 2456 2613 pro
2507 2534 2699 2613 pena
2754 2534 2891 2614 pro
2947 2506 3273 2614 qualibet
3343 2507 3602 2588 bestia.
3680 2525 3754 2605 et
3815 2534 3987 2612 qua-

802 2664 986 2747 libet
1040 2667 1227 2746 uice.
1287 2664 1508 2746 libras
1560 2693 1735 2745 xxv.
1794 2684 1869 2747 et
1924 2664 2200 2746 furtum
2256 2666 2594 2747 restituat
2649 2666 2727 2747 in
2781 2664 3115 2772 duplum.
3158 2684 3232 2746 et
3270 2666 3331 2745 si
3366 2691 3638 2772 penam
3694 2664 3985 2746 soluere

798 2851 958 2905 non
1014 2824 1315 2929 poterit.
1355 2843 1429 2905 et
1467 2824 1750 2905 dictum
1789 2822 2066 2904 furtum
2102 2824 2510 2905 restituere.
2550 2843 2634 2904 ut
2669 2823 3085 2929 predictum
3123 2841 3258 2904 est.
3297 2849 3520 2930 passo
3576 2823 3987 2930 dampnum

799 2982 1289 3088 suspendatur
1343 2983 1444 3063 ita
1499 2981 1697 3088 quod
1759 2982 2141 3063 moriatur.

779 3272 1008 3439 DE
1063 3353 1922 3569 pgggfflsssomoe
1975 3356 2114 3439 ET
2167 3357 2593 3444 FERUTIS
2646 3362 3008 3447 FACTIS
3059 3365 3197 3448 DE
3241 3367 3608 3451 NOCTE
3663 3370 3973 3455 CLAN-

868 3674 1099 3880 ffi
1115 3802 1275 3857 TEM
1330 3794 1689 3873 statutum
1746 3792 1859 3855 est
1912 3774 2005 3855 ad
2062 3774 2445 3856 euitandas
2504 3775 3025 3880 percussiones
3079 3792 3153 3854 et
3207 3773 3479 3854 ferutas
3532 3799 3677 3878 que
3735 3773 3985 3878 sepius

795 3934 988 4016 fiunt
1043 3935 1120 4015 in
1175 3933 1486 4014 baennis
1540 3932 1996 4013 clandestine
2053 3951 2128 4013 et
2182 3932 2276 4013 de
2332 3951 2580 4014 nocte.
2647 3932 2742 4013 de
2808 3933 3077 4038 quibus
3146 3918 3608 4038 probationis
3672 3950 3747 4012 et
3800 3933 3985 4012 ueri-

794 4094 969 4173 tatis
1022 4092 1275 4173 haberi
1330 4117 1488 4171 non
1543 4091 1834 4196 possint
1888 4091 2182 4172 indicia.
2239 4091 2446 4196 quod
2504 4091 2566 4172 si
2621 4090 2863 4196 aliqua
2936 4115 3252 4196 persona
3315 4088 3408 4169 de
3473 4091 3781 4171 baennis
3834 4118 3990 4197 per-

795 4277 1006 4332 cussa
1059 4249 1276 4331 fuerit
1327 4277 1459 4357 per
1494 4248 1817 4355 aliquam
1872 4248 2094 4330 aliam
2146 4275 2548 4356 personam
2605 4249 2929 4353 grauiter
2982 4248 3076 4329 de
3130 4266 3377 4329 nocte.
3435 4248 3639 4354 quod
3695 4248 3869 4329 inde
3927 4251 3988 4330 si

791 4411 1068 4491 ueritas
1103 4410 1315 4490 aliter
1349 4408 1646 4515 reperiri
1702 4435 1858 4490 non
1913 4409 2187 4514 poterit
2224 4407 2562 4489 credatur
2595 4434 2915 4514 persone
2949 4433 3293 4514 percusse
3330 4407 3748 4489 iuramento
3804 4409 3983 4489 eius.

793 4570 954 4652 sine
1010 4567 1252 4675 aliqua
1305 4567 1446 4649 alia
1499 4568 1941 4675 probatione
1980 4586 2056 4649 et
2106 4569 2502 4675 puniantur
2556 4593 3028 4673 percussores
3064 4567 3475 4648 secundum
3519 4566 3842 4649 formam
3879 4595 3989 4648 ca-

792 4726 1202 4834 pitulorum
1238 4729 1692 4808 baennarum
1721 4755 1805 4807 ac
1844 4727 1905 4807 si
1943 4725 2280 4831 legitime
2316 4726 2715 4832 probatum
2751 4724 3031 4807 fuisset.
3070 4726 3214 4806 nisi
3237 4723 3439 4806 -forte
3475 4753 3794 4831 persona
3828 4752 3987 4830 per-

797 4913 1034 4968 cussa.
1093 4913 1185 4966 ex
1242 4887 1399 4992 ipsa
1453 4886 1929 4992 percussione
1984 4886 2402 4966 moriretur.
2462 4903 2536 4966 et
2590 4904 2767 4966 tunc
2808 4911 2899 4965 ex
2936 4885 3202 4989 uigore
3241 4874 3633 4965 iuramenti
3667 4908 3985 4990 persone

792 5071 1160 5150 percusse.
1214 5063 1548 5151 potestas
1601 5062 1936 5125 teneatur
1991 5042 2423 5124 huiusmodi
2477 5070 2992 5150 percussorem
3046 5041 3402 5151 subiicere
3466 5041 3983 5148 questionibus

794 5224 876 5283 ut
932 5203 1105 5284 inde
1162 5205 1554 5301 ueritatem
1610 5202 2072 5283 confiteatur.
2144 5202 2189 5242 ³⁶
2259 5220 2333 5283 et
2406 5203 2590 5283 item
2645 5200 3102 5306 intelligatur
3158 5220 3233 5282 et
3288 5202 3664 5283 obseruari
3718 5198 3985 5283 debeat

793 5330 890 5444 ‘de
944 5363 1546 5468 percussionibus
1601 5389 1744 5466 que
1798 5360 2063 5442 fierent
2116 5360 2210 5442 de
2267 5361 2388 5442 die
2458 5362 2536 5441 in
2609 5359 3044 5441 nemoribus
3110 5359 3234 5440 uel
3288 5359 3587 5440 fossatis
3609 5407 3615 5411 -
3641 5377 3768 5440 aut
3820 5358 3984 5440 aliis

796 5520 984 5602 locis
1039 5519 1352 5601 occultis
1407 5539 1481 5601 et
1537 5518 1906 5601 solitariiS.
1966 5518 2101 5628 (1)
3634 5508 3639 5515 ’
3904 5506 3915 5516 ’
