5117 6834
411 5072 551 5150 199

2173 226 2565 346 XLIIII

793 566 886 647 de
944 567 1252 648 baennis
1308 584 1508 645 emet
1565 564 1655 645 ab
1712 563 1854 644 alia
1907 591 2226 670 persona
2308 564 2402 644 de
2484 565 2794 645 baennis
2875 564 3200 670 aliquam
3254 592 3415 645 rem
3471 565 3564 645 de
3619 564 3990 670 predictis.

792 751 1109 830 persona
1165 750 1426 804 emens
1478 749 1609 829 per
1664 721 2148 803 medietatem
2189 741 2262 802 et
2299 722 2637 803 uendens
2688 750 2827 829 pro
2864 722 3005 804 alia
3043 723 3352 804 dimidia
3405 723 3700 804 soluant
3738 741 3812 803 et
3850 721 3994 804 sol-

794 908 967 962 uere
1023 881 1364 963 debeant.
1419 909 1558 986 pro
1615 881 1951 987 quolibet
2004 883 2193 961 rubo
2249 878 2567 960 obolum
2604 908 2653 962 1.
2693 901 2766 962 et
2802 910 2843 961 a
2899 881 3087 962 rubo
3143 908 3356 988 supra
3413 882 3506 962 de
3546 880 3748 962 libris
3783 910 3833 961 x
3871 880 3992 962 uel

796 1067 1009 1146 supra
1064 1068 1298 1146 usque
1354 1039 1449 1120 ad
1504 1040 1734 1120 alium
1790 1041 2060 1121 rubum
2115 1039 2463 1120 totidem.
2523 1059 2597 1121 et
2652 1068 2695 1119 a
2749 1042 2938 1121 rubo
2993 1042 3177 1122 inira
3230 1041 3458 1121 nichil
3524 1040 3815 1121 soluere
3871 1041 3994 1122 de-

795 1202 1015 1278 beant
1070 1198 1397 1303 predicte
1451 1203 1769 1305 p‘ersone
1809 1199 1902 1279 de
1940 1200 2249 1280 baennis
2287 1199 2444 1279 siue
2475 1218 2728 1279 emant
2785 1200 2941 1279 siue
2996 1199 3345 1280 uendant.
3387 1221 3460 1280 et
3497 1226 3812 1304 persona
3850 1227 3992 1306 que

795 1356 1307 1436 contrafecerit
1347 1383 1476 1436 seu
1516 1384 1672 1437 non
1711 1356 2040 1437 soluerit.
2085 1383 2215 1437 seu
2253 1383 2560 1463 quoquo
2608 1357 2847 1437 modo
2901 1357 3152 1462 aliquo
3202 1356 3532 1438 fraudem
3571 1357 3690 1439 uel
3728 1357 3993 1438 dolum

796 1515 1261 1594 commiserit
1315 1516 1393 1594 in
1448 1516 1797 1620 predictis
1852 1515 1971 1596 uel
2028 1515 2280 1622 aliquo
2334 1517 2839 1621 predictorum
2881 1515 3125 1596 soluat
3177 1543 3313 1621 pro
3369 1543 3559 1622 pena
3615 1521 3711 1595 et'
3743 1516 3992 1597 banno

797 1671 1084 1753 solidos
1137 1700 1188 1753 11
1245 1673 1469 1753 curie.
1529 1674 1620 1753 Et
1680 1675 1739 1753 si
1796 1674 2038 1778 aliqua
2092 1700 2411 1780 persona
2463 1674 2987 1781 ponderauerit
3053 1702 3184 1755 seu
3237 1674 3631 1781 ponderari
3686 1673 3807 1755 uel
3861 1702 3995 1780 pe-

795 1829 933 1908 sari
990 1830 1243 1910 iecerit
1298 1830 1576 1936 aliquid
1633 1831 1727 1912 de
1781 1832 2133 1937 predictis
2188 1831 2407 1912 rebus
2445 1831 2687 1913 solitis
2722 1832 2949 1913 uendi
3003 1834 3097 1913 ad
3150 1860 3406 1938 pesam
3464 1833 3605 1913 nisi
3661 1833 3754 1913 ad
3794 1860 3994 1912 scan-

796 1985 1074 2066 dalium
1131 1986 1251 2068 uel
1306 2016 1563 2094 pesam
1621 1990 1991 2070 comunis.
2051 2009 2125 2070 et
2181 1990 2323 2070 nisi
2380 2017 2420 2068 a
2476 1990 2801 2094 predicta
2855 2017 3174 2096 persona
3229 1990 3321 2070 ad
3377 1990 3523 2072 hoc
3591 1991 3992 2070 constituta

798 2146 1143 2225 eamdem
1197 2173 1480 2266 penam¹
1528 2149 1960 2228 substineat.
2002 2148 2312 2253 quocies
2366 2167 2624 2228 contra
2679 2145 2955 2227 fecerit.
3015 2149 3073 2228 si
3131 2174 3315 2228 uero
3370 2147 3614 2254 aliqua
3669 2174 3989 2253 persona

797 2323 1148 2384 extranea
1205 2324 1406 2385 emet
1459 2306 1537 2385 in
1593 2305 1902 2385 baennis
1957 2307 2047 2385 ab
2104 2305 2243 2386 alia
2298 2301 2619 2411 persona
2695 2324 3043 2386 extranea
3099 2303 3421 2411 aliquam
3479 2303 3785 2386 barilem
3842 2305 3993 2386 olei

796 2461 916 2541 uel
943 2444 1241 2542 -mell'is,
1298 2463 1624 2568 predicte
1679 2490 1995 2569 persone
2081 2462 2372 2544 soluere
2454 2465 2774 2544 debeant
2826 2491 2963 2570 pro
3019 2462 3343 2570 qualibet
3426 2466 3800 2546 mezalora
3855 2463 3992 2573 (1)

798 2622 1102 2700 comuni
1159 2621 1505 2702 denarios
1561 2649 1613 2702 11
1668 2623 1824 2703 siue
1907 2622 2358 2727 ponderetur
2441 2623 2599 2704 siue
2674 2650 2854 2703 non.
2909 2622 2953 2661 ἥ

3009 2643 3081 2703 et
3138 2623 3411 2704 eodem
3467 2624 3706 2705 modo
3759 2625 3803 2664 '‘
3857 2623 3993 2731 (2)

795 2805 1111 2883 persone
1168 2778 1262 2859 de
1317 2780 1626 2861 baennis
1681 2781 1871 2861 inter
1927 2808 2031 2862 se.
2091 2782 2151 2861 si
2207 2809 2390 2861 uero
2447 2808 2766 2887 persona
2822 2781 2916 2862 de
2975 2782 3280 2862 baennis
3336 2801 3536 2861 emet
3590 2809 3631 2860 a
3677 2808 3994 2886 persona

797 2956 1144 3017 extranea
1198 2936 1321 3018 uel
1375 2938 1651 3019 uendet
1706 2965 2023 3044 persone
2081 2959 2425 3021 extranee
2482 2939 2806 3046 aliquam
2863 2940 3317 3021 mezarolam
3376 2939 3525 3021 olei
3565 2938 3684 3019 uel
3723 2939 3991 3020 melliS.

794 3121 1110 3199 persona
1166 3115 1512 3176 extranea
1578 3115 1826 3176 totum
1884 3098 2176 3178 soluere
2247 3097 2534 3178 debeat.
2596 3097 2873 3178 scilicet
2956 3098 3301 3180 denarios
3354 3126 3405 3180 11
3461 3126 3596 3205 pro
3671 3097 3995 3203 qualibet
4088 3152 4098 3162 -

794 3254 1164 3335 mezarola
1222 3256 1378 3335 siue
1433 3254 1884 3361 ponderetur
1941 3258 2097 3335 siue
2155 3283 2336 3336 non.
2395 3275 2479 3335 ut
2533 3255 2816 3336 dictum
2893 3276 3027 3336 est.
3086 3257 3180 3337 Et
3245 3258 3306 3337 si
3364 3256 3613 3373 ¹aliqua
3676 3284 3993 3362 persona

797 3433 1145 3493 extranea
1200 3412 1323 3493 uel
1387 3415 1680 3519 priuata
1723 3414 2168 3519 recognosci
2208 3414 2462 3494 iecerit
2501 3412 2827 3518 aliquem
2884 3412 3132 3494 faxem
3189 3415 3717 3518 cuiuscumque
3756 3415 3857 3493 rei
3899 3415 3993 3494 sit

792 3590 1127 3652 teneatur
1164 3570 1399 3652 facere
1436 3571 1832 3677 ponderari
1872 3573 2097 3653 idem.
2138 3599 2267 3678 per
2304 3555 2714 3678 predictam
2752 3598 3151 3676 personam
3189 3573 3281 3652 ad
3320 3572 3467 3652 hoc
3506 3573 3990 3652 constitutam

794 3749 868 3808 et
922 3730 1013 3808 ad
1072 3729 1529 3810 scandalium
1587 3731 1744 3810 siue
1806 3758 2063 3835 pesam
2137 3731 2507 3810 comunis,
2570 3750 2643 3809 et
2698 3756 2855 3809 non
2938 3729 3170 3810 aliter.
3230 3748 3304 3809 et
3359 3731 3651 3810 soluere
3725 3730 3992 3809 debeat

795 3888 1100 3967 comuni
1154 3884 1292 3992 pro
1348 3887 1588 3968 loerio
1647 3915 1783 3994 pro
1838 3887 2172 3993 quolibet
2227 3890 2414 3967 rubo
2471 3886 2786 3967 obolum
2826 3915 3087 3967 unum.
3146 3906 3219 3967 et
3276 3887 3337 3967 si
3392 3885 3634 3991 aliqua
3671 3913 3990 3992 persona

792 4071 947 4124 non
1004 4044 1311 4127 soluerit
1367 4072 1499 4127 seu
1555 4045 2060 4126 obseruauerit
2098 4066 2179 4125 ut
2216 4017 2632 4150 predictum
2672 4065 2808 4126 est.
2860 4072 2990 4125 seu
3047 4043 3297 4124 fecerit
3353 4063 3609 4125 contra
3663 4044 3990 4148 predicta

793 4200 910 4282 uel
965 4203 1241 4309 aliquid
1294 4206 1801 4310 predictorum
1858 4223 1982 4284 aut
2038 4203 2302 4284 dolum
2356 4203 2477 4284 uel
2535 4204 2870 4283 fraudem
2938 4203 3405 4284 commiserit
3483 4202 3560 4282 in
3641 4202 3991 4307 predictis

761 4362 909 4441 ,uel
965 4362 1216 4468 aliquo
1269 4363 1777 4469 predictorum
1835 4343 2078 4444 soluat
2134 4381 2206 4443 et
2264 4362 2556 4442 soluere
2595 4362 2862 4442 debeat
2897 4389 3035 4468 pro
3073 4359 3396 4466 qualibet
3435 4386 3752 4466 persona
3808 4387 3991 4466 quo-.

789 4522 940 4601 cies
994 4520 1508 4602 contrafecerit
1565 4522 1854 4603 solidos
1907 4549 2010 4603 1111
2066 4521 2288 4603 curie.
2349 4540 2423 4601 et
2479 4520 2806 4627 quelibet
2888 4547 3205 4626 persona
3261 4518 3500 4625 possit
3557 4520 3731 4601 inde
3787 4547 3990 4599 accu-

791 4705 948 4758 sare
1005 4699 1080 4760 et
1137 4680 1474 4760 credatur
1530 4682 1596 4760 ei
1655 4682 2075 4761 iuramento
2135 4700 2208 4761 et
2263 4680 2529 4760 habeat
2584 4680 2880 4760 tertiam
2934 4699 3221 4785 partem
3280 4679 3523 4759 banni.

768 4969 992 5136 DE
1046 5046 1761 5167 BOSCANTIBUS
1796 5045 1908 5128 IN
1944 5042 2372 5128 BOSCHIS
2427 5038 3036 5123 SPECIALIUM
3073 5035 3397 5121 PERSO
3408 5033 3807 5117 NARUM.
3849 5045 3985 5153 (3)

917 5392 973 5425 .
1003 5408 1073 5442 a-
1106 5393 1263 5448 TEM
1317 5386 1674 5447 statutum
1716 5384 1828 5446 est
1865 5365 2073 5470 quod
2131 5365 2457 5469 quelibet
2493 5391 2813 5469 persona
2851 5387 2993 5469 que
3035 5364 3334 5443 inuenta
3371 5360 3587 5443 fuerit
3625 5363 3745 5442 uel
3784 5362 3982 5441 uissa

787 5524 1091 5605 boscare
1148 5527 1225 5605 in
1280 5525 1646 5631 aliquibus
1698 5525 2000 5606 boschis
2056 5522 2486 5628 specialium
2540 5548 3023 5629 personarum
3083 5523 3157 5600 in
3213 5521 3360 5602 fine
3421 5523 3868 5601 baennarum
3907 5537 3982 5599 et
