5117 6834
345 3510 437 3588 39

2170 328 2421 430 VIII

661 756 662 759 ‘
702 648 923 813 DE
979 729 1383 809 CITATIS
1439 727 1625 809 PER
1683 654 2404 807 POPTESTATEM.

829 943 1173 1145 Qum
1230 1049 1586 1111 statutum
1642 1049 1754 1111 est
1806 1029 2010 1135 quod
2068 1031 2128 1109 si
2184 1029 2424 1134 aliqua
2460 1055 2777 1135 persona
2832 1032 3049 1109 citata
3094 1027 3308 1109 fuerit
3362 1027 3482 1127 uel
3538 1029 3883 1132 requisita
3999 1144 4006 1151 .

703 1188 934 1270 facere
972 1187 1247 1293 aliquid
1286 1190 1492 1269 cuius
1527 1188 2028 1293 requisitionis
2066 1206 2140 1267 et
2177 1188 2550 1268 citationis
2606 1214 2792 1292 pena
2849 1188 2943 1267 sit
2988 1186 3080 1267 de
3129 1186 3389 1267 solidis
3432 1212 3509 1266 111
3557 1205 3631 1265 et
3678 1184 3881 1265 insta.

704 1365 777 1427 et
833 1348 1063 1426 iurare
1119 1345 1438 1426 uoluerit
1494 1373 1572 1426 se
1627 1373 1784 1426 non
1839 1347 2060 1427 luisse
2119 1347 2193 1425 in
2248 1345 2424 1425 uilla
2487 1345 2938 1426 baennarum
3002 1343 3122 1424 uel
3176 1346 3254 1424 in
3310 1343 3483 1424 loco
3540 1370 3691 1448 quo
3745 1371 3886 1448 po-

702 1505 965 1585 tuisset
1027 1504 1417 1585 observare
1483 1505 1718 1609 ipsam
1784 1505 2215 1584 citationem
2280 1522 2353 1583 et
2415 1504 3000 1609 requisitionem.
3067 1501 3270 1607 quod
3327 1501 3499 1583 inde
3563 1500 3886 1605 aliquam

706 1689 973 1767 penam
1029 1689 1183 1743 non
1243 1663 1670 1742 substineat.
1732 1661 1861 1741 sed
1920 1662 2076 1741 sine
2132 1660 2372 1766 aliqua
2427 1661 2866 1767 probatione
2923 1660 3379 1741 absoluatur:

706 1949 927 2114 DE
983 2031 1740 2113 lNSTRUMENTO
1795 1994 2131 2112 D‘Essm
2179 2032 2424 2112 NON
2479 2033 3128 2114 REFICIENDO.

832 2244 1183 2447 Qum
1222 2337 1280 2416 si
1319 2334 1560 2440 aliqua
1597 2362 1911 2440 persona
1948 2334 2405 2440 requisiuerit
2444 2360 2486 2412 a
2523 2350 2890 2437 potestate
2945 2330 3064 2411 uel
3121 2332 3278 2411 eius
3334 2330 3887 2411 locumtenente

708 2492 845 2573 sibi
881 2492 1080 2574 refici
1120 2494 1692 2572 instrumentum
1730 2490 2030 2597 aliquod
2068 2491 2373 2572 alicuius
2410 2489 2660 2593 debiti.
2722 2508 2795 2568 et
2849 2488 3140 2568 debitor
3175 2513 3403 2592 penes
3442 2516 3519 2568 se
3557 2476 3889 2569 habuerit

710 2651 1280 2746 instmmentum
1338 2651 1563 2754 ipsius
1609 2650 1837 2730 debiti
1892 2650 2269 2728 incissum.
2329 2667 2402 2728 et
2458 2650 2690 2727 iurare
2726 2644 3044 2726 uoluerit
3101 2673 3272 2725 cum
3328 2673 3482 2726 uno
3536 2666 3725 2727 teste
3764 2648 3888 2752 qui

707 2834 862 2887 non
919 2808 1013 2888 sit
1067 2807 1159 2888 de
1218 2809 1375 2887 eius
1429 2806 1725 2886 familia.
1784 2827 1857 2887 et
1911 2808 2252 2887 iurauerit
2309 2804 2765 2886 solutionem
2822 2805 3048 2908 ipsius
3103 2804 3328 2884 debiti
3395 2803 3662 2885 factam
3729 2833 3889 2886 esse

709 2965 1052 3044 creditori
1115 2963 1235 3044 uel
1300 2964 1507 3044 alteri
1583 2963 1756 3043 loco
1813 2966 1923 3043 sui
1980 2963 2181 3069 quod
2253 2981 2582 3069 potestas
2643 2989 2800 3042 non
2854 2962 3091 3067 possit
3155 2959 3387 3042 facere
3443 2963 3643 3044 refici
3710 2963 3889 3043 illud

711 3123 1304 3201 instrumentum.
1346 3119 1474 3200 sed
1512 3122 1844 3201 teneatur
1884 3122 2126 3225 ipsum
2163 3122 2580 3202 debitorem
2617 3119 3181 3235 absolui-facere
3236 3148 3363 3225 per
3418 3121 3883 3201 creditorem.

711 3414 930 3579 DE
994 3493 1858 3574 DENUNC1AT1ONE
1927 3495 2439 3574 FACIENDA
2505 3495 2847 3575 Auem
2910 3496 3055 3574 UT
3120 3492 3897 3591 PRosEQUATUR

1024 3652 1178 3731 ius
1234 3651 1540 3731 SUUM.
1582 3648 1716 3754 (1)

847 3945 912 4045 :³412
944 3941 1001 4058 ’,ἰ
1032 3996 1187 4050 TEM
1252 3970 1453 4075 quod
1511 3972 1570 4050 si
1634 3969 1873 4075 aliqua
1935 3997 2248 4075 persona
2314 3970 2406 4050 de
2472 3971 2778 4050 baennis
2833 3970 3096 4050 dixerit
3159 3968 3279 4049 uel
3345 3968 3895 4051 denunciauerit

627 4124 639 4137 ”
712 4155 963 4208 coram
1018 4146 1384 4233 potestate
1422 4128 1542 4208 uel
1602 4130 1758 4208 eius
1812 4126 2366 4208 locumtenente
2422 4127 2641 4208 alicui
2694 4128 2902 4209 alteri
2955 4155 3269 4235 persone
3326 4127 3527 4232 quod
3603 4130 3663 4207 si
3737 4128 3896 4208 uult

711 4284 829 4364 uel
867 4285 1184 4365 intendit
1219 4288 1310 4364 ab
1350 4312 1434 4365 ea
1470 4304 1717 4389 petere
1764 4284 2037 4390 aliquid
2077 4284 2255 4364 illud
2293 4304 2493 4391 petat
2533 4305 2606 4366 et
2659 4306 2905 4391 petere
2945 4287 3207 4368 debeat
3255 4285 3435 4366 infia
3475 4312 3813 4366 mensem
3870 4314 3893 4365 1

712 4461 883 4546 post
937 4443 1172 4546 ipsam
1229 4442 1880 4522 denunciationem
1945 4441 2272 4548 alioquin
2339 4441 2526 4522 ultra
2595 4470 2935 4525 mensem
2993 4472 3148 4525 non
3203 4443 3533 4523 audiatur
3588 4471 3714 4549 per
3766 4469 3896 4548 po·

712 4619 1080 4681 testatem.
1140 4601 1268 4680 sed
1324 4620 1656 4680 teneatur
1711 4620 2040 4705 potestas
2095 4602 2338 4705 ipsum
2395 4600 2839 4682 creditorem
2894 4602 3125 4683 facere
3181 4603 3726 4683 restitutionem
3774 4600 3894 4681 de·

713 4757 933 4838 bitori
990 4759 1456 4839 instrumenti
1497 4786 1625 4838 seu
1663 4761 2325 4839 instrumentorum
2366 4779 2440 4840 et
2477 4758 2710 4840 facere
2767 4760 3181 4841 debitorem
3235 4761 3528 4865 penitus
3583 4757 3890 4840 absolui.

716 4934 787 4995 et
844 4917 905 4996 si
960 4917 1411 5020 contingerit
1475 4943 1871 5021 personam
1936 4920 2051 4997 cui
2117 4916 2304 5000 facta
2357 4916 2571 4999 fuerit
2638 4918 2833 4998 dicta
2896 4917 3367 4998 denunciatio
3431 4914 3662 4996 facere
3718 4918 3895 5021 peti-

715 5074 1001 5169 tionem
1056 5071 1376 5178 aliquam
1432 5073 1613 5153 infra
1668 5074 1949 5154 dictum
2005 5078 2408 5156 terminum
2463 5094 2795 5156 teneatur
2848 5094 3260 5180 presentare
3319 5075 3393 5153 in
3450 5072 3644 5152 dicta
3705 5074 3897 5177 peti-

713 5233 944 5309 tione.
1002 5248 1075 5308 et
1131 5230 1284 5309 iure
1322 5230 1696 5312 ordinario
1732 5232 2132 5337 procedere
2190 5251 2262 5311 et
2320 5233 2395 5311 in
2452 5230 2580 5312 lite
2617 5233 2999 5336 persistere
3037 5258 3266 5335 usque
3304 5230 3395 5310 ad
3454 5231 3895 5310 sententiam

715 5385 1189 5466 diffinitiuam
1236 5388 1642 5469 secundum
1681 5388 2000 5469 formam
2039 5389 2337 5470 alterius
2357 5372 2669 5494 'capituli
2708 5389 3078 5492 loquentis
3115 5388 3208 5469 de
3245 5389 3481 5468 causis
3537 5387 3894 5468 ciuilibuS.

715 5542 1044 5647 alioquin
1096 5543 1359 5647 petitio
1412 5546 1736 5652 predicta
1793 5572 1928 5651 pro
1983 5573 2138 5626 non
2195 5544 2381 5626 facta
2437 5546 2808 5626 habeatur.
