5117 6834
2156 350 2523 452 XXIX

2377 460 2422 511 <5

749 628 1088 750 persona¹
1123 644 1362 749 possit
1416 671 1760 724 accusare
1815 662 1890 724 et
1945 644 2282 725 credatur
2336 644 2793 725 accusationi
2850 672 2981 724 sue
3037 646 3457 726 iuramento
3516 674 3678 728 suo.
3739 668 3812 728 et
3867 648 3961 729 de

753 820 979 882 nocte
1036 802 1232 907 dicte
1288 829 1477 907 pene
1532 800 1998 907 duplicentur
2053 821 2127 882 et
2181 822 2563 883 accusator
2619 803 2884 884 habeat
2937 805 3233 884 tertiam
3287 820 3573 909 partem
3630 806 3878 887 banni.

366 1161 396 1214 1
418 1159 450 1237 3
463 1158 515 1234 4
749 1036 1000 1201 DE
1027 1117 1731 1200 INTRANTIBUS
1786 1119 2258 1202 ALIENUM
2314 1122 2700 1205 ORTUM
2734 1124 2873 1203 ET
2907 1067 3043 1205 DE
3096 1125 3469 1208 BESTHS
3522 1126 3939 1248 GROSSIS

1029 1276 1268 1357 POR
1278 1277 1430 1357 CIS
1482 1277 1621 1357 ET
1675 1278 2052 1361 CAPRIS.

890 1565 1235 1682 1⁸²TEM
1291 1621 1652 1683 statutum
1710 1623 1822 1684 est
1876 1603 2080 1710 quod
2137 1603 2379 1709 aliqua
2432 1631 2750 1709 persona
2804 1632 2961 1686 non
3014 1607 3254 1710 possit
3309 1609 3576 1687 intrare
3632 1607 3958 1691 alienum

758 1778 1034 1840 ortum.
1095 1778 1169 1840 et
1223 1763 1356 1866 qui·
1407 1760 1917 1843 contrafecerit
1973 1763 2217 1843 soluat
2252 1790 2389 1868 pro
2425 1791 2616 1869 pena
2654 1765 2961 1868 quocies
3015 1763 3267 1845 fecerit
3313 1763 3602 1845 solidos
3637 1792 3689 1872 γ
3735 1768 3955 1848 curie.

759 1934 836 1997 et
888 1916 1179 1999 solidos
1233 1944 1285 1998 v
1337 1945 1475 2024 pro
1531 1919 1852 2000 emenda
1905 1920 2010 2001 illi
2068 1922 2278 2002 cuius
2331 1922 2471 2002 erit
2524 1920 2769 2002 dictus
2821 1940 3054 2003 ortus.
3113 1924 3304 2004 etsi
3361 1923 3437 2002 in
3511 1950 3607 2006 eo
3679 1925 3958 2031 aliquid

759 2076 1059 2181 ceperit.
1120 2077 1466 2158 eamdem
1521 2106 1792 2184 penam
1849 2081 2279 2161 substineat.
2357 2099 2431 2160 et
2513 2079 3052 2162 nichilominus
3105 2081 3516 2189 dampnum
3572 2088 3957 2167 restituere

658 2240 663 2245 ’
759 2250 1119 2314 teneatur.
1180 2253 1255 2315 et
1309 2211 1616 2341 quilibet
1668 2239 1908 2343 possit
1962 2265 2327 2319 accusare.
2404 2258 2478 2319 et
2552 2241 2619 2319 ei
2686 2239 3021 2320 credatur
3074 2242 3530 2321 accusationi
3587 2269 3716 2323 sue
3771 2243 3958 2322 iura-

760 2412 1049 2473 ment0.
1109 2412 1183 2473 et
1237 2393 1299 2474 si
1355 2394 1598 2499 aliqua
1651 2395 1885 2476 bestia
1937 2423 2203 2499 grossa
2258 2395 2380 2475 uel
2431 2397 2739 2502 porcina
2789 2396 2913 2478 uel
2969 2363 3261 2503 caprina
3298 2397 3514 2479 fuerit
3568 2400 3646 2479 in
3709 2399 3958 2481 alieno

761 2569 934 2630 orto
989 2551 1296 2632 inuenta
1352 2551 1474 2632 uel
1527 2554 1726 2634 uissa
1781 2553 2025 2634 soluat
2076 2581 2214 2659 pro
2265 2581 2480 2659 pena.
2537 2582 2676 2660 pro
2750 2520 3075 2661 qualibet
3148 2557 3381 2637 bestia
3452 2555 3799 2637 denarios
3853 2582 3955 2638 v1.

758 2735 897 2812 pro
954 2707 1308 2813 dampno,
1368 2729 1442 2790 et
1497 2711 1820 2792 totidem
1873 2739 2012 2818 pro
2069 2711 2412 2792 emenda.
2471 2731 2546 2793 et
2601 2712 2925 2818 quelibet
2982 2739 3295 2818 persona
3349 2716 3587 2819 possit
3622 2715 3800 2796 inde
3846 2743 3959 2796 ac·
4019 2787 4022 2790 ,

760 2891 1038 2946 cusare.
1099 2886 1174 2947 et
1227 2868 1296 2948 ei
1351 2848 1773 2950 iuramento
1829 2869 2187 2950 credatur.
2246 2890 2322 2953 et
2375 2896 2692 2973 persona
2746 2896 3100 2952 accusans
3154 2890 3490 2951 teneatur
3525 2873 3808 2977 priuata
3863 2873 3956 2952 de

761 3024 1116 3105 omnibus
1169 3026 1541 3131 predictis.

374 3381 519 3461 135
584 3340 588 3344 ’
744 3250 1147 3457 QOD
1201 3335 1426 3417 DIES
1479 3338 1615 3419 ET
1671 3340 1995 3425 HoRA.
2067 3342 2204 3423 ET
2274 3343 2864 3426 CONTRATA
2920 3347 3030 3428 IN
3083 3346 3489 3429 AccusA
3560 3348 3933 3430 coNTI-

1057 3494 1588 3579 NEANTUR.
2377 3488 2385 3492 ’

869 3708 1237 3912 Qum
1275 3850 1635 3913 statutum
1687 3852 1802 3913 est
1856 3834 2061 3939 quod
2117 3834 2194 3914 in
2249 3834 2577 3939 qualibet
2615 3861 2874 3915 accusa
2912 3862 3053 3940 que
3109 3835 3238 3916 fiet
3293 3839 3369 3915 in
3424 3835 3733 3915 baennis
3778 3862 3955 3917 con·

757 3989 976 4070 tineri
1031 3988 1297 4071 debeat
1347 3990 1530 4073 dies.
1567 4009 1643 4071 et
1679 3991 1863 4072 hora
1897 3991 2072 4073 diei.
2113 4010 2187 4072 et
2224 4011 2558 4074 contrata
2596 3992 2744 4074 loci
2777 3995 2858 4074 in
2896 3993 3161 4098 quibus
3214 3993 3623 4099 dampnum
3677 3993 3953 4074 factum

759 4145 1000 4229 fuerit.
1057 4148 1179 4229 uel
1234 4149 1329 4229 de
1384 4177 1538 4256 quo
1592 4176 1852 4232 accusa
1904 4151 2093 4232 facta
2147 4150 2387 4234 fuerit.
2445 4150 2778 4257 alioquin
2832 4176 3093 4232 accusa
3147 4153 3226 4231 in
3281 4178 3422 4256 qua
3474 4152 3736 4232 omnia
3799 4178 3957 4258 pre-

761 4304 957 4386 dicta
1007 4332 1168 4387 non
1223 4308 1814 4390 continebuntur·
1872 4311 1967 4390 sit
2034 4309 2307 4391 nullius
2375 4311 2700 4393 omnino
2770 4308 3067 4390 ualoriS.
3143 4310 3490 4414 Exceptis
3564 4309 3657 4390 de
3730 4308 3956 4389 male-

759 4490 970 4544 nens.

378 4792 521 4893 136
740 4692 1145 4900 (Ξῖ-301)
1200 4775 1730 4857 EXTRANEI
1802 4780 2039 4861 NON
2109 4781 2570 4863 CAPIANT
2642 4782 3072 4864 HERBAM
3139 4784 3343 4864 NEC
3380 4784 3759 4867 FENUM
3811 4786 3919 4865 IN

602 4943 606 4945 ’
1052 4934 1286 5015 FINE
1339 4935 1681 5029 LEQUI.

976 5163 1041 5230 11ss

880 5165 1044 5341 Ῑὲᾈὲἓ
1084 5296 1241 5351 ΤΕΜ
1296 5291 1656 5353 statutum
1712 5292 1824 5354 est
1878 5275 2081 5380 quod
2110 5256 2201 5354 'si
2255 5273 2498 5379 aliqua
2551 5301 2868 5384 persona
2908 5294 3251 5354 extranea
3289 5271 3561 5377 ceperit
3595 5268 3718 5350 uel
3753 5294 3957 5395 mes-

764 5427 992 5508 suerit
1043 5428 1300 5509 erbam
1373 5429 1494 5511 uel
1567 5419 1823 5511 fenum
1887 5432 1965 5512 in
2029 5431 2282 5537 aliquo
2356 5451 2572 5537 prato
2643 5430 2892 5511 alieno
2949 5432 3024 5509 in
3078 5429 3229 5510 fine
3286 5427 3483 5533 lequi
3538 5426 3662 5506 uel
3715 5445 3957 5507 costa·

760 5608 1063 5689 magne.
1122 5585 1414 5668 alicubi.
1473 5589 1720 5669 soluat
1771 5616 1907 5693 pro
1965 5589 2213 5670 banno
2271 5590 2331 5669 si
2389 5590 2665 5694 ceperit
2718 5587 3024 5669 herbam
3064 5586 3184 5668 uel
3220 5586 3615 5667 messuerit
3651 5584 3744 5665 de
3775 5610 3956 5689 quo·

982 5797 1029 5877 8
