5117 6834
714 2466 860 2569 369

717 3909 866 3990 370

1101 659 1324 825 DE
1378 738 1901 819 MASSARIIS
1957 738 2487 820 ELIGENDIS
2525 737 2992 819 CUILIBET
3030 738 3197 818 [ΠΕ
3233 737 3850 835 UBICUMQUE
3892 740 4004 821 IN
4041 739 4277 821 FINE

1192 925 1196 929 ⁴
1416 896 2090 981 BAENNARUM.

1281 1148 1301 1172 A,
1331 1129 1378 1182 ,ᾗ

1233 1141 1394 1303 ξιξ,
1421 1230 1577 1285 ‘ri-:M
1633 1196 1990 1285 statutum
2046 1222 2157 1283 est
2212 1203 2415 1310 quod
2471 1223 2804 1307 potestas
2875 1223 3208 1283 teneatur
3273 1201 3506 1283 facere
3574 1202 3751 1308 eligi
3808 1230 4040 1284 unum
4098 1231 4287 1331 inas-

1104 1364 1375 1444 sarium
1459 1363 1757 1453 cuilibet
1812 1364 1933 1442 uie
2017 1362 2285 1466 ubique
2343 1363 2417 1441 in
2473 1361 2622 1441 fine
2677 1360 3151 1442 baennarum.
3213 1363 3337 1466 qui
3395 1382 3781 1442 teneantur
3840 1381 3914 1441 et
3966 1362 4285 1442 debeant

1102 1521 1336 1602 facere
1393 1522 1618 1625 aptari
1676 1521 1953 1601 dictam
2006 1522 2208 1600 viam
2249 1522 2457 1599 cuius
2520 1519 2734 1600 fuerit
2798 1521 3216 1601 massarius.
3282 1539 3502 1625 prout
3567 1521 3634 1600 ei
3698 1520 4089 1601 uidebitur.
4159 1522 4282 1626 qui

1103 1681 1497 1759 massarius
1553 1679 1815 1758 habeat
1879 1677 2173 1783 plenam
2251 1676 2571 1780 bayliam
2641 1678 3076 1783 imponendi
3150 1705 3379 1783 penas
3434 1698 3507 1757 et
3562 1679 3802 1763 banna
3870 1705 4008 1783 pro
4063 1678 4286 1759 dictis

1106 1839 1246 1917 uiis
1300 1822 1636 1941 aptandis
1690 1838 1780 1915 ad
1841 1836 1999 1915 eius
2053 1835 2519 1917 uoluntatem
2577 1837 3011 1916 hominibus
3066 1837 3565 1916 habitantibus
3619 1838 3694 1916 in
3750 1835 4082 1917 baennis.
4126 1839 4284 1916 siue

1104 1995 1543 2075 habentibus
1596 1996 2111 2099 possessiones
2167 1996 2241 2073 in
2298 2014 2629 2074 contrata
2686 1994 2882 2074 illius
2937 1996 3079 2074 uie.

1091 2393 1315 2559 DE
1368 2473 1605 2556 NON
1641 2471 2168 2553 FACIENDO
2206 2470 2738 2552 DAMPNUM
2773 2470 2885 2551 IN
2921 2469 3402 2550 POSSATIS
3439 2468 3745 2549 SECUS
3781 2468 4263 2552 AYRALIA.

1217 2687 1405 2892 ΞΕ
1423 2811 1580 2865 TEM
1636 2804 1990 2865 statutum
2049 2803 2158 2864 est
2213 2784 2416 2889 quod
2473 2783 2716 2888 a'aiqua
2798 2811 3112 2888 persona
3190 2812 3345 2863 non
3427 2785 3663 2888 possit
3718 2784 4099 2865 offendere
4156 2785 4281 2864 uel

1105 2945 1512 3049 dampnum
1572 2943 1743 3023 dare
1800 2945 1875 3022 in
1932 2940 2227 3022 fossatis
2283 2943 2490 3022 factis
2545 2969 2756 3022 secus
2810 2942 3078 3045 ayralia
3137 2970 3270 3021 nec
3313 2943 3538 3022 etiam
3578 2944 3652 3021 in
3692 2942 3938 3047 spadis
3994 2962 4067 3022 et
4123 2942 4283 3022 aliis

1105 3103 1459 3183 clausuris
1513 3129 1656 3206 que
1714 3119 1883 3181 sunt
1940 3127 2153 3205 super
2191 3099 2406 3179 dictis
2443 3100 2760 3180 fossatis.
2805 3100 3014 3180 saluo
3053 3100 3255 3204 quod
3296 3099 3620 3205 quelibet
3676 3127 3990 3204 persona
4044 3101 4281 3205 possit

1105 3260 1345 3341 facere
1398 3287 1632 3339 unum
1689 3257 2075 3363 cuniglum
2131 3285 2345 3337 causa
2405 3256 2733 3337 scolandi
2791 3257 3061 3360 ayralia
3118 3278 3189 3337 et
3228 3258 3545 3338 xauandi
3584 3276 3815 3339 ortos
3859 3223 4282 3338 dummodo

1107 3445 1261 3498 non
1316 3418 1688 3522 peioretur
1743 3417 1896 3520 ripa
1951 3415 2205 3495 fossati
2266 3416 2421 3494 sine
2478 3442 2669 3519 pena
2724 3433 2797 3494 et
2850 3417 3125 3493 banno,

1089 3815 1311 3981 DE
1364 3893 1668 3990 AQUA
1724 3893 1941 3989 QUE
1992 3890 2450 3973 DUCITUR
2512 3890 2700 3973 PER
2751 3889 3074 3972 RIPAM
3156 3887 3700 4020 UlNEARUM
3757 3886 4260 3970 RILAUETI.

1325 4199 1394 4303 35qt
1426 4231 1580 4286 TEM
1637 4223 1988 4284 statutum
2030 4222 2141 4282 est
2179 4203 2379 4307 quod
2438 4201 2679 4306 aliqua
2717 4228 2902 4305 aqua
2940 4228 3082 4305 que
3122 4202 3408 4280 ducitur
3455 4229 3581 4306 per
3619 4203 3851 4306 ripam
3896 4204 4280 4282 uinearum

1110 4364 1393 4444 rilaueti
1450 4391 1492 4441 a
1550 4364 1667 4465 uia
1725 4382 2208 4464 costemagne
2268 4360 2599 4464 superius
2654 4358 2917 4438 debeat
2974 4359 3115 4439 labi
3176 4380 3250 4439 et
3305 4358 3645 4439 discolari
3702 4388 3830 4464 per
3886 4361 4050 4441 loca
4107 4389 4285 4441 con-

1110 4542 1337 4602 sueta.
1398 4541 1469 4600 et
1526 4522 1729 4625 quod
1785 4541 2117 4625 potestas
2173 4510 2506 4600 teneatur
2560 4517 2795 4598 facere
2853 4518 3031 4622 eligi
3091 4518 3273 4598 infra
3329 4546 3669 4598 mensem
3725 4539 4121 4624 postquam
4182 4522 4284 4599 iu-

1108 4681 1395 4760 rauerit.
1456 4698 1606 4758 tres
1662 4679 2009 4758 homines
2064 4681 2187 4782 qui
2240 4670 2663 4758 'discernant
2719 4678 2918 4755 dicta
2976 4675 3139 4756 loca
3195 4704 3323 4780 per
3379 4705 3520 4781 que
3578 4699 3929 4757 consueta
3961 4698 4071 4758 est
4111 4677 4276 4757 labi.

1108 4810 1209 4919 ita
1264 4857 1338 4918 et
1391 4836 1631 4917 taliter
1688 4835 1889 4942 quod
1974 4835 2168 4914 dicta
2252 4863 2437 4939 aqua
2519 4861 2675 4914 non
2761 4833 3064 4913 ducatur
3146 4861 3282 4913 nec
3342 4834 3509 4914 duci
3566 4836 3802 4938 possit
3858 4836 3947 4914 ad
4007 4835 4280 4914 dictam

1107 5001 1307 5079 uiam
1365 5014 1718 5077 carratam
1794 5014 2280 5095 costemagne
2338 4992 2471 5072 sub
2546 5019 2733 5096 pena
2809 4991 3224 5072 solidorum
3277 5020 3326 5070 v
3383 5020 3520 5097 pro
3577 4992 3898 5097 qualibet
3968 5020 4281 5098 persona

1110 5154 1702 5236 contrafaciente.
