5117 6834
1175 547 1294 628 uel
1350 549 1607 626 ouium
1665 574 1822 627 non
1876 547 2163 651 possint
2216 564 2507 650 portare
2563 544 2888 650 aliquem
2943 545 3298 626 cutellum
3354 546 3602 652 aliquo
3658 566 3996 652 tempore
4055 566 4128 628 et
4166 575 4351 652 que·-
4424 638 4429 643 ⁴

1179 704 1354 783 libet
1408 731 1722 807 persona
1781 704 2014 807 possit
2071 703 2241 783 inde
2298 730 2634 783 accusare
2720 723 2791 783 et
2866 705 2931 783 ei
2997 705 3416 783 iuramento
3475 704 3829 783 credatur.
3891 723 3963 784 et
4019 724 4350 809 potestas

1176 863 1409 966 possit
1468 862 1635 943 inde
1694 863 2079 965 inquirere.
3510 840 3516 845 .

812 1326 898 1405 71
1147 1242 1366 1406 DE
1423 1318 1973 1401 CLAUSURIS
2029 1318 2556 1398 FACIENDIS
2614 1315 2925 1398 INTER
2982 1316 3626 1407 CONSORTES.

1336 1581 1341 1588 .

1296 1610 1318 1624 0„
1346 1607 1355 1618 ι

1288 1531 1450 1692 pig}
1492 1624 1648 1676 TEM
1705 1614 2058 1675 statutum
2115 1616 2224 1675 est
2281 1594 2480 1700 quod
2539 1596 2862 1700 quelibet
2917 1624 3231 1701 persona
3287 1596 3564 1676 habens
3620 1617 3867 1676 ortum
3917 1581 4183 1677 terram
4223 1598 4353 1678 do-

1179 1783 1389 1835 mum
1447 1754 1563 1834 uel
1620 1753 1861 1857 ayrale
1939 1755 2122 1832 intra
2185 1752 2439 1832 uillam
2513 1756 2964 1833 baennarum
3027 1754 3149 1833 uel
3204 1754 3497 1857 ayralia.
3574 1773 3904 1835 teneatur
3962 1775 4033 1834 et
4089 1756 4352 1834 debeat

1181 1918 1408 1991 lacere
1465 1912 1940 1991 medietatem
1997 1910 2322 1990 clausure
2381 1910 2568 1990 inter
2620 1938 2696 1990 se
2738 1930 2810 1991 et
2849 1930 3276 1991 consortem
3337 1939 3576 1991 suum.
3637 1930 3709 1991 et
3766 1913 3966 2017 quod
4023 1932 4353 2017 potestas

1179 2089 1507 2149 teneatur
1547 2070 1784 2173 ipsum
1824 2087 2250 2148 consortem
2309 2070 2817 2171 constringere
2856 2068 3089 2148 facere
3147 2069 3623 2149 medietatem
3682 2058 3875 2149 dicte
3925 2069 4252 2150 clausure
4292 2071 4353 2150 si

1181 2228 1269 2306 ab
1325 2225 1473 2306 alio
1530 2245 1875 2306 consorte
1931 2225 2143 2305 fuerit
2199 2226 2611 2331 requisitus,
2671 2253 2824 2305 non
2881 2225 3332 2330 intelligatur
3389 2226 3725 2306 clausura
3771 2227 3909 2306 nisi
3965 2225 4177 2306 fuerit
4217 2226 4357 2306 suf·
4488 2246 4491 2249 ’

1181 2384 1458 2465 ficiens,
1519 2402 1591 2463 et
1646 2384 1846 2489 quod
1911 2402 2238 2487 potestas
2313 2385 2546 2487 possit
2610 2410 2885 2487 ponere
2960 2411 3230 2489 penam
3303 2411 3533 2489 usque
3600 2385 3675 2463 in
3741 2383 4025 2464 solidos
4082 2411 4155 2463 111
4221 2412 4356 2489 pro

1184 2540 1504 2645 qualibet
1560 2540 1703 2619 die.
2207 2528 2216 2536 ’

825 2999 916 3078 72
1155 2898 1559 3104 QJOD
1615 2980 2236 3062 PISCATORFs
2294 2980 2787 3061 PORTENT
2841 2980 3170 3059 PISCES
3224 2979 3334 3061 IN
3388 2979 3816 3060 PLATEA.

1293 3179 1478 3381 ἓξ
1506 3299 1660 3353 TEM
1716 3293 2072 3354 statutum
2112 3258 2462 3378 estquod
2517 3291 2851 3378 potestas
2888 3291 3221 3352 teneatur
3276 3273 3785 3377 constringere
3844 3300 4111 3352 omnes
4138 3274 4364 3378 pisca-

1189 3415 1388 3512 tores
1443 3431 1642 3537 quod
1702 3458 1967 3511 omnes
2038 3432 2274 3536 pisces
2347 3458 2536 3535 quos
2601 3431 2923 3535 ceperint
2978 3429 3410 3509 insimul-in
3464 3429 3703 3535 platea
3760 3429 4116 3510 defferant
4173 3458 4365 3535 quos

1191 3589 1508 3670 uendere
1564 3588 1935 3669 uoluerint
1992 3607 2064 3668 et
2122 3588 2521 3669 saluacinas
2578 3588 2936 3667 similiter.
2979 3589 3080 3667 ita
3115 3588 3317 3693 quod
3375 3587 3660 3667 nullum
3719 3589 3998 3692 piscem
4052 3587 4173 3667 uel
4212 3586 4368 3666 nul-

1195 3748 1342 3828 lam
1383 3747 1826 3827 saluacinam
1883 3746 2092 3825 domi
2148 3766 2468 3826 teneant.
2513 3765 2585 3825 et
2622 3773 2936 3863 persona
2974 3773 3116 3850 que
3155 3745 3662 3835 contrafecerit
3720 3745 3960 3827 soluat
4007 3774 4140 3851 pro
4179 3772 4367 3849 pena

1196 3907 1802 4012 quotiescumque
1873 3902 2378 4001 contrafecerit
2417 3903 2904 4009 ‘molid9,8033?·
2924 3905 3143 3985 curie.
3212 3904 3555 3991 eamdem
3619 3931 3887 4008 penam
3963 3904 4369 3984 substineat

1198 4066 1318 4169 qui
1375 4065 1609 4170 pisces
1665 4062 1783 4142 uel
1841 4061 2242 4144 saluacinas
2296 4061 2709 4141 uendiderit
2765 4062 2904 4140 nisi
2944 4062 3019 4140 in
3059 4060 3348 4165 plathea
3403 4064 3877 4141 baennarum.
3908 4061 3951 4101 ‘³‘
3989 4080 4063 4141 et
4118 4060 4372 4141 uendi-

1196 4243 1397 4303 tores
1450 4223 1760 4327 piscium
1823 4220 2322 4325 predictorum
2362 4218 2496 4299 ‚uel
2555 4218 3085 4298 saluacinarum
3150 4247 3306 4299 non
3369 4220 3654 4323 possint
3721 4247 3856 4299 nec
3920 4218 4236 4299 debeant
4292 4246 4370 4300 se

1198 4380 1590 4463 absentare«
1632 4405 1767 4461 nec
1831 4383 2215 4461 remouere
2281 4376 2522 4457 dictos
2585 4376 2824 4480 pisces
2879 4358 2998 4455 uel
3054 4375 3459 4495 saluacinas
3506 4376 3603 4455 de
3657 4376 3899 4481 platea
3969 4378 4108 4456 nisi
4177 4378 4379 4463 sicos

1199 4536 1315 4616 uel
1375 4537 1702 4616 marinos
1765 4555 1845 4614 ut
1908 4534 2188 4614 dictum
2247 4554 2379 4613 est.
2447 4561 2584 4613 nec
2650 4534 2873 4613 etiam
2939 4561 3016 4612 se
3081 4537 3459 4614 absentare
3535 4562 3931 4640 quousque>
3985 4536 4188 4639 ipsos
4251 4536 4371 4615 uel

1201 4696 1392 4799 ipsas
1428 4693 1892 4773 uendiderint
1920 4692 2166 4797 precio
2197 4694 2673 4796 competenti.
2707 4711 2780 4771 et
2808 4691 3049 4771 dictos
3084 4693 3322 4797 pisces
3359 4711 3743 4773 teneantur
3779 4694 4197 4773 trauachare
4238 4693 4372 4801 (7)

1201 4878 1413 4956 super
1466 4850 1829 4933 bancham
1885 4849 2018 4957 (8)
2074 4850 2172 4929 ita
2228 4848 2428 4954 quod
2486 4876 2755 4930 omnes
2810 4869 3198 4953 appareant
3253 4876 3482 4947 exceptis
3531 4867 3767 4947 personis
3812 4878 4074 4937 extraneis
4120 4895 4221 4949 que
4263 4893 4374 4943 non

1196 5048 1473 5092 teneantur
1508 5036 1828 5091 trauaehare.
1882 5006 1975 5087 Et
2029 5034 2344 5111 persona
2400 5034 2552 5112 que,
2598 5006 3104 5087 contrafecerit
3160 5008 3403 5088 soluat
3438 5036 3574 5112 pro
3612 5036 3799 5112 pena
3854 5006 4176 5113 qualibet
4213 5009 4374 5089 uice

1199 5196 1340 5272 qua
1396 5185 1651 5247 contra
1714 5165 2038 5270 predicta
2100 5163 2348 5245 fecerit
2404 5164 2523 5244 uel
2581 5165 2881 5269 aliquod
2951 5164 3451 5270 predictorum
3486 5165 3815 5245 -solidos
3870 5193 3941 5245 v.
4003 5185 4076 5244 et
4132 5165 4377 5247 nullus

1198 5325 1645 5407 tabernarius
1700 5352 1944 5405 emere
2000 5325 2232 5429 possit
2288 5324 2473 5404 ultra
2529 5324 2874 5404 denarios
2926 5351 3003 5404 vr
3057 5324 3369 5428 piscium
3434 5324 3864 5404 recentium.
3924 5325 4056 5404 sub
4115 5324 4375 5403 eadem

1200 5511 1408 5589 pena.
1468 5503 1540 5564 et
1578 5482 1898 5589 quelibet
1953 5510 2264 5587 persona
2318 5483 2554 5589 possit
2610 5481 2782 5562 inde
2820 5508 3181 5562 accusare.
3224 5501 3296 5561 et
3337 5483 3491 5561 eius
3547 5482 3962 5561 iuramento
4020 5482 4373 5563 credatur.
