5117 6834
2142 301 2560 405 XXXII

753 626 1019 760 3⁴4¹&
1037 638 1143 705 ec
1234 624 1375 706 est
1467 597 1851 704 collatio
1962 591 2138 730 (Ι)
2226 599 2666 705 secunda.
2758 597 3194 705 uidelicet
3277 599 3399 706 de
3484 598 3971 703 omnibus>

755 755 941 893 L}
974 772 1022 886 -
1034 774 1525 882 maleficiis
1625 814 1816 916 que
1916 774 2150 880 fient
2231 777 2332 880 in
2427 812 2713 915 posse
2817 775 3408 881 baennarum
3506 798 3613 881 ut
3708 773 3947 880 infra

744 954 1310 1058 continetur.

360 1516 504 1595 147
742 1433 970 1600 DE
1021 1515 1374 1597 UERBIS
1426 1514 2043 1598 INIURIOSSIS.

887 1701 951 1756 ξπ»
974 1708 1057 1760 r
2747 1758 2753 1764 ,

881 1763 949 1862 ἶ-
979 1760 1044 1884 {²225
1071 1824 1228 1879 TEM
1284 1815 1643 1878 statutum
1700 1815 1814 1877 est
1867 1796 2071 1901 quod
2127 1822 2444 1901 persona
2525 1823 2669 1902 que
2752 1797 3019 1878 dixerit
3090 1795 3308 1877 alicui
3362 1822 3681 1901 persone
3738 1797 3955 1878 baen-

743 1984 1009 2038 narum
1063 1954 1184 2036 uel
1238 1955 1599 2036 habitanti
1653 1956 1844 2035 irato
1899 1956 2157 2036 animo
2193 1955 2631 2036 traditorem
2670 1954 3039 2037 latronem
3075 1957 3531 2037 cucurbitam
3577 1958 3953 2062 periurum

748 2114 1014 2195 falsum
1069 2113 1356 2195 malum
1413 2113 1801 2195 licatorem
1857 2113 1978 2194 uel
2035 2141 2210 2194 eum
2290 2114 2837 2195 dismentiuerit
2918 2115 3040 2195 uel
3122 2114 3398 2220 aliquid
3454 2114 3653 2195 aliud
3713 2114 3955 2195 simile

747 2273 1059 2353 uerbum
1124 2273 1569 2354 iniuriosum
1643 2271 1890 2353 soluat
1960 2300 2097 2378 pro
2169 2299 2360 2377 pena
2434 2274 2744 2378 quocies
2814 2274 3082 2354 dixerit
3152 2273 3273 2355 uel
3347 2273 3623 2378 aliquid
3680 2272 3958 2378 predic-

744 2451 995 2511 torum
1053 2430 1341 2512 solidos
1394 2459 1467 2510 x.
1524 2431 1671 2511 hoc
1728 2428 2135 2510 intellecto.
2193 2430 2319 2534 qui
2372 2431 2575 2534 prius
2631 2431 2985 2535 inceperit
3021 2430 3216 2511 dicta
3270 2433 3493 2512 uerba
3533 2431 3952 2511 iniuriossa.

745 2587 957 2670 saluo
1014 2591 1076 2669 si
1130 2584 1457 2694 predicte
1513 2616 1832 2695 persone
1915 2589 2407 2669 habitauerint
2482 2589 2560 2669 in
2616 2616 2763 2668 una
2818 2588 3058 2669 domo
3113 2589 3205 2669 ad
3262 2617 3497 2670 unum
3552 2617 3826 2695 panem
3883 2608 3957 2670 et

745 2751 1030 2827 uinum.
1088 2774 1226 2828 nec
1310 2749 1537 2828 etiam
1621 2749 1682 2829 si
1766 2747 1989 2829 simul
2045 2774 2200 2827 non
2257 2747 2750 2827 habitauerint
2832 2746 3255 2828 dummodo
3310 2775 3467 2828 non
3525 2749 3775 2830 dicant
3830 2748 3956 2830 illa

746 2909 969 2986 uerba
1025 2908 1169 2987 nisi
1224 2934 1442 2987 causa
1497 2906 1910 3011 castigandi
1952 2925 2026 2986 et
2072 2907 2521 3011 corrigendi.
2579 2905 2888 3011 predicti
2944 2905 3035 2986 ad
3094 2905 3409 2986 eandem
3464 2934 3735 3012 penam
3794 2935 3953 2989 non

745 3084 1164 3161 teneantur.

357 3545 502 3643 Ι48
732 3478 958 3645 DE
1011 3562 1461 3645 INSULTU
1513 3564 1650 3644 ET
1703 3561 2104 3644 GLADIO
2161 3562 2402 3645 NON
2453 3563 3129 3649 EXTRAENDO.

867 3738 1222 3943 Qum
1277 3872 1636 3934 statutum
1692 3871 1805 3933 est
1841 3853 1934 3934 ad
1993 3852 2422 3959 exemplum
2481 3871 2555 3933 et
2608 3852 2972 3935 malaficia
3053 3855 3426 3960 punienda
3512 3854 3648 3934 fuit
3732 3882 3950 3960 super

742 4010 1131 4092 maleficiis
1181 4029 1264 4090 ut
1334 4010 1519 4092 infra
1589 4011 1900 4092 firmiter
1968 4010 2375 4091 stabilitum
2439 4038 2523 4090 ac
2593 4012 2820 4091 etiam
2903 4012 3331 4092 ordinatum
3405 4030 3542 4092 est.
3619 4012 3823 4117 quod
3886 4014 3949 4094 si

743 4169 1008 4276 aliquis
1061 4172 1516 4250 baennarum
1572 4170 1967 4251 extraxerit
2022 4168 2380 4250 cutellum
2435 4169 2555 4250 uel
2611 4168 2938 4276 aliquem
2976 4168 3205 4250 alium
3244 4169 3583 4275 gladium
3620 4168 3945 4252 ferreum

739 4354 872 4407 seu
910 4326 1269 4408 insultum
1306 4326 1558 4407 fecerit
1594 4354 1853 4408 uersus
1890 4328 2216 4434 aliquem
2254 4328 2348 4408 de
2387 4327 2718 4408 baenniS.
2775 4327 2898 4408 uel
2954 4327 3451 4410 habitatorem
3488 4329 3947 4446 baennarum

741 4485 946 4567 malo
1002 4485 1241 4567 modo
1296 4484 1419 4565 uel
1475 4487 1666 4567 irato
1721 4488 1978 4568 animo
2033 4487 2238 4567 dabit
2293 4514 2430 4592 pro
2485 4513 2675 4593 pena
2714 4487 3003 4583 solidos
3040 4515 3141 4567 xx
3178 4506 3536 4568 astenses,
3594 4489 3739 4569 nisi
3796 4489 3945 4568 hoc

740 4643 997 4724 fecerit
1051 4671 1130 4725 se
1186 4644 1716 4726 deffendenda
1772 4641 1868 4727 Et
1921 4647 2065 4727 nisi
2122 4664 2372 4728 essent
2428 4644 2520 4726 de
2576 4674 2722 4726 una
2776 4644 3053 4727 familia
3110 4665 3389 4727 stantes
3443 4647 3534 4727 ad
3593 4646 3945 4728 eumdem

739 4828 1011 4905 panem
1068 4820 1142 4881 et
1195 4803 1483 4882 uinum.
1542 4821 1617 4883 et
1670 4803 1814 4883 nisi
1870 4822 2066 4884 esset
2101 4803 2301 4884 filius
2337 4803 2489 4885 filia
2524 4803 2743 4886 frater
2797 4824 2872 4886 et
2928 4833 3141 4887 soror
3195 4806 3318 4886 uel
3371 4824 3577 4910 pater
3613 4806 3941 4887 alicuius,

741 4960 1052 5039 maritus
1107 4978 1181 5040 et
1236 4986 1427 5040 uxor
1481 4958 1891 5041 auunculus
1926 4959 2046 5040 uel
2084 4962 2313 5041 amita
2352 4980 2635 5043 stantes
2672 4964 2899 5044 etiam
2954 4965 3032 5044 in
3086 4991 3234 5043 una
3289 4963 3528 5044 domo
3567 4964 3661 5045 ad
3707 4992 3942 5044 unum

737 5143 1013 5220 panem
1068 5137 1144 5199 et
1198 5119 1487 5199 uinum.
1546 5120 1672 5224 qui
1728 5119 1821 5199 de
1876 5119 2205 5223 predicta
2261 5147 2450 5225 pena
2507 5122 2699 5201 inter
2754 5148 2832 5201 se
2887 5149 3046 5203 non
3099 5141 3515 5203 teneantur.
