5117 6834
2198 315 2432 421 LVI

732 677 760 760 ,ἰῇ
1025 650 1133 718 ec
1205 637 1425 719 sunt
1499 610 1897 752 capitula
1969 637 2062 719 et
2136 612 2796 718 ordinamenta
2866 612 3103 718 facta
3174 636 3266 719 et
3349 612 3925 719 confirmata

739 772 756 846 J·
807 784 913 896 {1²³
963 783 991 868 3
1024 826 1192 929 per
1265 790 1724 928 sapientes
1795 788 1913 893 ad
1985 788 2173 893 hoc
2247 785 2599 894 electos
2680 812 3123 928 tempore
3215 771 3586 895 domini
3689 790 3924 895 ardi-
4059 810 4079 831 ‘

739 983 1028 1087 tionis
1100 981 1221 1087 de
1293 1004 1609 1086 sancta
1680 983 2075 1086 uictoria
2144 983 2633 1121 potestatis
2696 981 3312 1117 baennarum.
3383 985 3501 1087 Et
3575 982 3922 1089 confir·

744 1198 1002 1280 mata
1072 1211 1237 1313 per
1311 1175 1776 1279 uicarium
1849 1173 2222 1279 domini
2295 1176 2741 1315 episcopi.
2786 1173 3130 1300 scilicet
3168 1174 3685 1280 dominum
3753 1176 3923 1281 od-

726 1338 1106 1473 donem
1180 1366 1298 1497 de
1371 1368 1728 1506 riparia.
1809 1364 2180 1472 scilicet.
2261 1367 2831 1473 arditionem
2902 1365 3457 1472 bealecium.
3537 1336 3922 1472 minum

743 1563 1156 1700 nigrum.
1192 1558 1689 1665 henricum
1716 1556 2247 1666 carnaliam.
2291 1560 2832 1665 Iohannem
2868 1559 3338 1665 brucium.
3381 1558 3922 1665 anselmum

743 1789 1235 1893 aragnum.
1276 1751 1775 1857 henricum
1809 1751 2374 1858 burdicium.
2421 1750 2812 1857 siulfum
2849 1754 3409 1858 cortexium.
3475 1752 3922 1905 obertum

745 1951 866 2053 de
937 1946 1207 2051 colia.
1285 1944 1762 2051 iacobum·
1808 1944 2376 2051 barberium.
2454 1944 3085 2051 francischum
3162 1943 3730 2052 barberium.
3829 1954 3923 2054 et

745 2138 1277 2245 conradum
1366 2175 1821 2278 cognum.
1935 2141 2093 2243 In
2157 2175 2412 2256 anno
2505 2139 2876 2267 domini
2984 2097 3583 2249 MCCC.VI
3691 2143 3923 2247 indi-

747 2333 1023 2438 cione
1094 2334 1320 2436 ΙΠΙ.
1932 2325 1937 2331 ’
2176 2352 2180 2356 Α

345 2893 507 2972 244
727 2783 950 2952 DE
1002 2863 1965 2951 RETAGLATORIBUS.

745 3192 752 3198 ’
853 3083 1223 3288 fflTEM
1278 3198 1639 3261 statutum
1721 3200 1836 3263 est
1916 3182 2119 3287 quod
2198 3200 2532 3288 potestas
2614 3199 2950 3262 teneatur
3005 3203 3078 3263 et
3133 3182 3399 3264 debeat
3451 3182 3687 3265 facere
3743 3185 3923 3290 eligi

743 3366 874 3445 per
928 3339 1294 3419 electores
1348 3340 1694 3419 comunis
1749 3341 2203 3420 baennarum
2259 3340 2470 3419 omni
2525 3366 2785 3420 mense
2870 3339 3063 3420 duos
3144 3342 3512 3448 sapientes
3574 3343 3925 3425 homines

744 3498 841 3578 de
895 3496 1259 3577 conscilio
1315 3523 1531 3602 super
1587 3495 1830 3577 danda
1884 3498 2151 3577 stantia
2206 3496 2802 3577 reuenditoribus
2882 3525 3010 3578 seu
3086 3499 3656 3604 retaglatoribus
3709 3501 3927 3581 baen-

746 3681 1010 3735 narum
1065 3655 1260 3735 casei
1333 3635 1665 3735 carnium
1740 3653 2156 3763 salatarum.
2233 3654 2704 3735 candelarum
2780 3657 2959 3760 sepi.
3018 3658 3255 3759 saymi
3311 3657 3447 3766 (Ι)
3520 3658 3671 3739 olei
3727 3660 3923 3741 salis.

747 3831 823 3893 et
877 3813 1224 3893 omnium
1278 3810 1587 3892 aliarum
1641 3811 1735 3893 de
1792 3813 2059 3917 quibus
2113 3811 2308 3893 dicta
2364 3814 2631 3893 stantia
2714 3812 3038 3893 comode
3097 3831 3172 3894 et
3224 3815 3519 3917 ydonee
3577 3817 3732 3896 dari
3794 3845 3926 3923 po·

743 3970 939 4051 terit.
997 3971 1158 4067 Qui
1214 3970 1582 4074 sapientes
1635 3968 1953 4049 debeant
2006 3970 2275 4049 mutari
2313 3971 2524 4050 omni
2581 3997 2864 4050 mense.
2904 3972 2994 4053 Et
3029 3990 3417 4052 teneantur
3471 3972 3704 4053 iurare
3750 3973 3922 4055 dare

634 4156 644 4169 ’
745 4129 1095 4210 stantiam
1148 4126 1500 4233 predictis
1558 4126 2155 4207 reuenditoribus
2207 4126 2408 4206 bona
2460 4126 2610 4251 fide
2664 4145 2886 4232 prout
2941 4129 3050 4207 eis
3105 4129 3564 4209 conueniens
3635 4130 3923 4211 uissum

743 4285 960 4368 fuerit
1013 4305 1088 4367 et
1140 4284 1397 4366 utilius
1457 4311 1595 4390 pro
1659 4286 1987 4366 comuni.
2054 4284 2500 4371 Examinato
2563 4286 2795 4389 prius.
2826 4284 3222 4390 diligenter
3277 4305 3351 4366 et
3405 4269 3720 4392 cognito
3783 4316 3920 4394 pro

746 4462 1026 4551 quanto
1065 4442 1265 4523 >libra
1319 4469 1449 4523 seu
1504 4469 1850 4522 mensura
1920 4469 2166 4522 rerum
2222 4442 2711 4548 predictarum
2776 4444 3304 4524 conuenienter
3358 4444 3582 4525 uendi
3638 4464 3712 4526 et
3766 4445 3921 4527 dari

743 4600 1040 4707 poterit.
1097 4600 1193 4680 Et
1246 4597 1451 4705 quod
1504 4598 1813 4704 predicti
1867 4598 2378 4680 reuenditores
2431 4617 2818 4679 teneantur
2873 4599 3192 4680 uendere
3248 4600 3370 4680 uel
3424 4602 3648 4683 uendi
3685 4602 3919 4684 facere

745 4784 1038 4863 semper
1092 4756 1186 4840 ad
1242 4755 1506 4836 libram
1562 4775 1636 4836 et
1692 4756 2040 4837 stantiam
2097 4775 2172 4837 et
2225 4783 2653 4837 mensuram
2708 4783 2978 4837 omnes
3016 4759 3347 4863 superius
3382 4761 3808 4840 nominatas
3846 4781 3919 4841 et

744 4942 1016 4997 omnes
1070 4915 1251 4996 alias
1305 4913 1718 4995 secundum
1772 4931 1846 4994 et
1898 4941 2037 5019 pro
2091 4933 2371 5020 quanto
2425 4917 2677 5020 precio
2715 4915 3141 4995 ordinatum
3178 4915 3395 4996 fuerit
3433 4935 3506 4997 et
3542 4916 3918 4998 firmatum

744 5099 874 5180 per
923 5071 1300 5179 predictos
1355 5073 1743 5177 sapientes,
1781 5092 1855 5152 et
1909 5099 2067 5153 non
2122 5071 2351 5168 ultra„
2376 5072 2777 5153 uendendo
2834 5101 2877 5153 a
2930 5073 3112 5154 libra
3147 5074 3331 5155 infra
3384 5102 3502 5156 res
3554 5075 3919 5180 predictas

745 5229 858 5321 ad,
892 5231 1264 5312 rationem
1342 5231 1569 5336 precii
1641 5230 1825 5311 libre
1882 5248 1957 5310 et
2008 5256 2146 5335 pro
2217 5248 2372 5311 rata
2425 5229 2607 5310 libre
2664 5249 2737 5310 et
2790 5258 2948 5311 non
3001 5230 3213 5311 ultra.
3280 5259 3511 5337 usque
3566 5234 3659 5313 ad
3712 5261 3918 5339 quar-

743 5404 1093 5468 teronum
1149 5408 1419 5495 quanta
1472 5390 1689 5469 tuerit
1742 5387 2134 5494 quantitas,
2191 5388 2286 5468 Et
2337 5414 2654 5493 persona
2709 5414 2851 5493 que
2907 5407 3165 5469 contra
3228 5388 3481 5470 fecerit
3535 5392 3611 5470 in
3665 5391 3917 5497 aliquo

744 5570 919 5625 casu
973 5544 1217 5626 soluat
1268 5572 1405 5651 pro
1458 5572 1647 5652 pena
1702 5544 1990 5627 solidos
2023 5573 2074 5624 v
2110 5544 2246 5653 (2)
2300 5547 2606 5651 quocies
2658 5543 3189 5627 contrafecerit.
3243 5547 3339 5645 Et
3393 5547 3719 5654 quelibet
3760 5576 3917 5655 per-
