5117 6834
357 2189 504 2262 104

362 3712 500 3790 105

2143 339 2503 443 XXIII

743 663 880 741 pro
935 635 1292 739 quolibet.
1350 635 1442 713 Et
1499 634 1560 714 si
1614 661 1743 739 per
1796 652 2247 738 potestatem
2303 633 2424 713 uel
2494 634 2653 713 eius
2709 632 3350 712 locumtenentem
3418 631 3939 737 procederetur

744 794 997 898 aliquo
1052 794 1292 874 modo
1348 810 1606 872 contra
1661 792 1984 897 aliquam
2039 819 2437 897 personam
2493 791 2615 871 uel
2670 791 2952 895 aliquas
3034 810 3292 871 contra
3373 790 3694 870 formam
3750 784 3940 895 capi-

745 951 1076 1032 tulorum
1131 951 1254 1032 uel
1311 950 2005 1031 ordinamentorum
2061 952 2517 1030 baennarum
2575 968 2962 1029 teneantur
3017 949 3194 1029 dicti
3269 948 3532 1029 sindici
3592 950 3938 1055 expensis

746 1111 1091 1190 comunis
1144 1109 1570 1190 deffendere
1628 1109 1800 1189 inde
1858 1108 2135 1188 dictam
2172 1136 2572 1213 personam
2630 1127 2703 1187 et
2758 1134 3137 1213 personas,
3176 1109 3271 1188 Et
3308 1107 3512 1213 quod
3555 1107 3732 1187 dicti
3783 1108 3940 1189 sin-

746 1268 891 1347 dici
949 1286 1337 1348 teneantur
1392 1267 1696 1347 uinculo
1754 1268 2143 1347 iuramenti
2201 1258 2787 1373 quotiescunque
2843 1268 3313 1372 propositum
3370 1286 3576 1347 esset·
3620 1267 3697 1346 in
3753 1294 3939 1346 con-

747 1425 958 1504 scilio
997 1425 1198 1530 quod
1229 1425 1502 1530 aliquid
1543 1425 1635 1505 de
1666 1431 1971 1505 comuni
2002 1425 2214 1506 detur
2251 1424 2371 1505 uel
2408 1445 2772 1529 prestetur
2809 1423 3060 1528 aliquo
3100 1423 3337 1504 modo
3366 1424 3581 1504 alicui
3620 1451 3937 1529 persone

743 1610 1096 1686 arengare
1136 1604 1393 1664 contra
1432 1584 1715 1664 dictum
1753 1585 2225 1690 propositum
2264 1611 2393 1663 seu
2433 1602 2691 1663 contra
2729 1583 3176 1688 petitionem
3212 1582 3334 1661 uel
3371 1582 3937 1687 requisitionem

743 1740 1011 1821 fact-am
1068 1743 1143 1822 in
1201 1740 1563 1822 conscilio
1621 1742 1679 1823 si
1738 1743 1883 1822 hoc
1941 1761 2135 1822 esset
2193 1743 2268 1822 in
2324 1740 2576 1847 aliquo
2632 1740 3042 1846 preiudicio
3100 1741 3469 1821 comunis.
3510 1741 3645 1849 (1)

742 2086 967 2252 DE
1023 2167 1456 2251 EMENDA
1513 2168 1752 2251 NON
1805 2165 2324 2248 FACOENDA
2379 2166 2938 2249 EXTRANEE
2992 2164 3483 2273 PERSONE.
3547 2164 3687 2274 (2)

882 2488 947 2566 ἷξὲ
977 2477 1041 2572 ἕξ
1068 2510 1225 2564 TEM
1280 2501 1637 2563 statutum
1695 2500 1807 2561 est
1863 2480 2066 2585 quod
2124 2507 2281 2559 non
2337 2479 2466 2560 fiat
2522 2507 2659 2559 nec
2715 2479 2871 2559 fieri
2927 2481 3165 2585 possit
3219 2480 3461 2585 aliqua
3518 2479 3833 2560 emenda
3895 2509 3942 2560 a

746 2643 1051 2723 comuni
1108 2643 1564 2721 baennarum
1626 2639 1841 2719 alicui
1899 2666 2215 2744 persone
2298 2664 2441 2743 que
2524 2665 2682 2718 non
2767 2640 3009 2719 soluat
3065 2638 3364 2720 fodrum
3421 2658 3494 2721 et
3548 2639 3803 2719 taliam
3858 2640 3936 2719 in

747 2802 1077 2882 baennis.
1137 2817 1211 2880 et
1266 2828 1408 2905 que
1464 2826 1621 2880 non
1676 2799 2035 2879 habitaret
2090 2798 2369 2878 ibidem
2427 2799 2779 2878 continue
2829 2826 2999 2877 cum
3037 2797 3314 2878 familia
3370 2816 3445 2878 et
3500 2816 3755 2877 catena
3809 2796 3936 2877 ali·

748 2961 955 3040 cuius
1010 2958 1314 3064 dampni
1371 2959 1528 3038 siue
1582 2959 1771 3038 uasti
1830 2959 1898 3037 ei
1954 2956 2123 3037 facti
2178 2957 2256 3036 in
2312 2960 2530 3037 rebus
2586 2957 2737 3036 suis
2791 2957 2867 3035 in
2924 2956 3260 3036 districtu
3306 2958 3760 3037 baennarum
3815 2956 3937 3037 uel

747 3118 944 3198 alibi.
1021 3118 1167 3198 Sed
1243 3119 1318 3197 in
1391 3118 1539 3198 isto
1613 3144 1785 3196 casu
1868 3135 1942 3196 et
2016 3115 2383 3196 similibus
2463 3096 2775 3220 persona
2870 3114 3301 3194 huiusmodi
3386 3142 3522 3220 pro
3596 3134 3940 3196 extranea

751 3277 1124 3357 habeatur.

745 3611 968 3777 DE
1024 3690 1573 3773 CLAUSULIS
1629 3692 1925 3773 UILLE
1980 3691 2761 3773 CUSTODIENDIS.
2802 3697 2936 3805 (3)

871 3907 1224 4110 Qum
1280 4033 1641 4095 statutum
1698 4034 1811 4095 est
1865 4014 2069 4119 quod
2128 4014 2454 4120 quelibet
2506 4040 2825 4119 persona
2885 4016 3165 4099 habens
3219 4015 3542 4121 aliquam
3599 4017 3940 4098 domum.

753 4194 826 4255 et
878 4202 1024 4281 que
1062 4176 1138 4254 in
1177 4173 1504 4254 futurum
1558 4174 1917 4254 habuerit.
1957 4172 2075 4253 uel
2116 4171 2294 4252 alias
2330 4173 2848 4278 possessiones
2886 4175 3088 4253 iuxta
3126 4193 3370 4280 stepas
3426 4174 3561 4282 (4)
3616 4175 3943 4256 clausule

752 4333 929 4414 uille
984 4333 1463 4413 baennarum.
1523 4350 1858 4412 teneatur
1914 4332 2108 4437 ipsas
2164 4350 2408 4437 stepas
2489 4332 2865 4413 custodire
2941 4352 3014 4412 et
3087 4332 3368 4414 saluare
3424 4352 3783 4439 quantum
3839 4353 3943 4415 te-

753 4491 960 4572 nebit
1014 4491 1136 4572 uel
1190 4490 1631 4597 procedetur
1685 4461 1880 4570 dicta
1936 4517 2065 4570 sua
2119 4491 2522 4595 possessio.
2609 4490 2780 4571 Tali
2854 4491 3095 4572 modo
3150 4491 3353 4596 quod
3412 4495 3473 4572 si
3526 4491 3768 4599 aliqua
3822 4492 3942 4574 uel

753 4650 996 4757 alique
1054 4678 1144 4730 ex
1199 4650 1417 4730 dictis
1471 4651 1698 4754 stepis
1753 4669 1961 4755 capta
1996 4648 2118 4730 uel
2165 4669 2373 4755 capte
2409 4648 2677 4730 fuerint
2714 4651 3017 4732 ibidem.
3058 4650 3325 4733 debeat
3378 4652 3574 4732 dicta
3627 4680 3945 4758 persona

756 4809 963 4888 cuius
1017 4807 1233 4888 fuerit
1287 4809 1668 4913 possessio
1722 4809 2136 4913 proximior
2173 4807 2347 4889 loco
2384 4808 2510 4888 ubi
2548 4828 2757 4915 capte
2813 4808 3104 4889 fuerint.
3151 4836 3491 4891 accusare
3546 4837 3945 4916 personam

756 4993 901 5070 que
961 4964 1237 5046 dictam
1295 4984 1581 5070 stepam
1639 4964 1760 5045 uel
1817 4982 2061 5070 stepas
2097 4967 2370 5071 ceperit
2397 4967 2749 5072 potestati
2788 4966 3264 5047 baennarum.
3306 4966 3638 5074 alioquin
3695 4995 3945 5049 emen-

759 5123 931 5204 dare
988 5123 1223 5204 dictas
1278 5143 1523 5229 stepas
1576 5123 1697 5204 uel
1754 5142 2039 5229 stepam
2095 5123 2416 5205 ablatam
2470 5125 2594 5205 uel
2648 5124 2928 5206 ablatas
2981 5126 3076 5205 de
3132 5127 3285 5207 suis
3319 5127 3635 5232 propriis
3690 5127 3941 5232 stepiS.

759 5300 833 5361 et
885 5299 1131 5387 aptare
1188 5308 1313 5363 eas
1367 5283 1445 5363 in
1501 5282 1676 5362 loco
1731 5280 1856 5362 ubi
1914 5301 2122 5387 capte
2178 5282 2468 5363 fuerint.
2528 5286 2666 5365 sub
2730 5311 2920 5389 pena
2985 5284 3402 5364 solidorum
3456 5311 3508 5365 11
3561 5312 3698 5390 pro
3762 5313 3946 5391 qua-

759 5439 939 5520 libet
991 5467 1308 5545 persona
1381 5440 1951 5522 contrafaciente
2008 5460 2081 5521 et
2137 5442 2459 5547 qualibet
2527 5443 2715 5523 uice.
2772 5444 2865 5523 Et
2923 5442 3250 5548 quelibet
3319 5470 3637 5548 persona
3708 5445 3945 5549 possit

757 5625 1095 5680 accusare
1135 5601 1785 5681 contratacientem
1824 5618 1898 5680 et
1937 5600 2003 5680 ei
2041 5598 2375 5681 credatur
2412 5580 2855 5681 iuramento.
2898 5620 2976 5682 et
3007 5602 3272 5682 habeat
3325 5603 3622 5683 tertiam
3656 5621 3944 5707 partem

5004 6190 5016 6203 e
4996 6152 5006 6167 ⁴
5005 5904 5021 6081 x-⁴-—1⁴·x·o-
