5117 6834
2180 326 2470 429 XLV

731 631 1006 711 bricare
1063 629 1418 709 continue
1478 645 1551 707 et
1606 625 1846 706 modo
1903 625 2160 705 debito
2216 651 2533 730 persone
2589 623 2939 728 predicte.
3007 621 3211 727 quod
3270 621 3486 701 liceat
3522 620 3717 701 dicte
3771 647 3928 726 per-

735 815 920 870 sone
974 786 1210 868 facere
1265 786 1595 866 fabricari
1649 784 1800 865 alio
1856 784 2155 865 ferrario
2212 782 2304 863 ad
2361 783 2845 887 massagium.
2921 780 3344 861 dummodo
3400 780 3556 885 ipsa
3609 805 3928 885 persona

736 944 1131 1028 satisfaciat
1186 945 1390 1025 dicto
1446 944 1746 1024 ferrario
1804 944 1895 1023 de
1951 943 2331 1047 massagio
2387 969 2522 1046 pro
2578 959 2918 1046 tempore
2957 966 3109 1044 quo
3167 940 3469 1019 seruiuit
3524 937 3794 1018 eidem.
3835 937 3928 1016 Et

737 1102 939 1207 quod
998 1120 1332 1207 potestas
1386 1062 1729 1182 teneatur*
1776 1101 2151 1205 predictos
2232 1098 2572 1179 ferrarios
2652 1071 3102 1204 compellere
3158 1096 3529 1177 fabricare.
3590 1113 3662 1174 et
3717 1097 3931 1174 ierra-

739 1279 992 1340 menta
1047 1262 1282 1339 iacere
1337 1286 1475 1366 pro
1530 1257 1783 1339 loeriis
1826 1231 2240 1338 'contentis
2321 1257 2397 1336 in
2471 1257 2972 1336 instrumento
3028 1254 3384 1361 predicto,
3446 1273 3518 1333 et
3574 1254 3937 1384 hactenus

739 1419 1119 1499 consuetis
1173 1419 1332 1498 sine
1389 1416 1718 1544 datione
1748 1415 1880 1545 uel
1918 1416 2269 1545 captione
2317 1413 2671 1544 alicuius
2657 1416 2863 1495 uini.
2923 1415 3017 1495 Et
3073 1413 3421 1540 quilibet
3398 1412 3750 1541 -ferrarius
3805 1413 3930 1517 qui

739 1575 832 1657 de
891 1577 1108 1656 dictis
1155 1537 1636 1656 ferramentis
1678 1576 1919 1655 maius
1973 1573 2293 1655 loerium
2357 1536 2718 1680 acceperit
2757 1532 3000 1655 soluat
3035 1601 3171 1679 pro
3209 1598 3399 1678 pena
3436 1600 3572 1677 pro
3586 1529 3961 1677 qualibet

741 1761 1058 1839 persona
1116 1753 1188 1813 et
1244 1733 1570 1839 qualibet
1624 1734 1787 1812 uice
1845 1732 2133 1814 solidos
2187 1760 2287 1814 111.
2345 1734 2439 1813 Et
2493 1733 2820 1838 quelibet
2900 1759 3217 1838 persona
3301 1732 3538 1837 possit
3596 1731 3767 1848 iride
3824 1758 3936 1811 ac-

744 1918 1020 1971 cusare.
1081 1910 1154 1971 et
1212 1892 1279 1971 ei
1336 1892 1755 1972 iuramento
1812 1890 2168 1986 credatur,
2226 1910 2297 1971 et
2354 1891 2619 1971 habeat
2700 1892 2995 1971 tertiam
3060 1909 3344 1995 partem
3403 1890 3648 1970 banni.
3707 1857 3781 1970 et
3834 1869 3973 1971 te-'

743 2067 1002 2128 neatur
1056 2050 1361 2154 priuata.
1422 2050 1515 2129 Et
1569 2050 1715 2129 hoc
1772 2049 2172 2153 capitulu'm
2231 2047 2482 2127 locum
2541 2050 2803 2127 habeat
2888 2046 3109 2127 saluis
3165 2048 3241 2127 in
3299 2047 3651 2127 omnibus
3704 2049 3938 2153 pactis

657 2238 665 2246 ·
746 2206 955 2287 factis
1010 2208 1198 2286 inter
1254 2234 1578 2287 comune
1633 2207 2111 2287 baennarum.
2174 2226 2245 2286 et
2300 2208 2744 2311 magistrum
2802 2206 2936 2312 (1)
2994 2206 3449 2285 lafranchum
3532 2205 3935 2285 ferrarium.

743 2488 968 2654 DE
1022 2566 1863 2694 POSSESSIQNIBUS
1945 2567 2164 2665 QUE
2245 2565 2659 2648 DEBENT
2739 2562 3309 2684 REGESTARI
3384 2507 3617 2660 Quss'
3654 2562 3933 2644 SUNT

1061 2723 1376 2810 crrRA
1430 2724 2031 2809 TANAGRUM
2083 2726 2196 2806 IN
2247 2724 2483 2807 FINE
2510 2722 3188 2806 BAENNARUM.

878 2946 1225 3148 Quem
1281 3021 1638 3127 statutum
1696 3066 1806 3126 est
1862 3046 2066 3152 quod
2122 3046 2446 3152 quelibet
2501 3074 2815 3152 persona
2871 3031 3153 3128 habens
3205 3051 3764 3155 possessionem
3819 3053 3943 3133 ali-

750 3232 974 3309 quam
1030 3205 1208 3284 citra
1262 3224 1657 3309 tanagrum
1716 3225 1789 3286 et
1844 3234 1885 3285 a
1939 3205 2165 3286 rocha
2203 3205 2513 3285 molaria
2542 3205 2678 3313 (2)
2735 3233 2948 3311 supra
2973 3233 3217 3323 *usque
3274 3210 3366 3289 ad
3400 3181 3652 3304 <finem
3690 3204 3947 3317 plociiss

752 3381 824 3441 et
879 3339 924 3441 a
976 3363 1095 3441 uia
1151 3389 1492 3442 carnasca
1529 3362 1664 3470 (3)
1703 3362 1885 3442 infra
1923 3389 2181 3442 uersus
2218 3362 2543 3442 baennas
2600 3363 2877 3443 scili'ce‘t
2932 3364 3120 3444 inter
3175 3349 3465 3446 bealein
3520 3374 3597 3447 et
3644 3373 3941 3449 ‘costam

754 3520 1023 3601 banalli
1097 3519 1234 3628 (4)
1309 3539 1383 3600 et
1437 3549 1479 3600 a
1512 3509 1820 3602 'fossato
1896 3522 2271 3625 superiore
2327 3522 2509 3625 prati
2570 3520 2765 3602 siulfi
2820 3523 3132 3603 carnalie
3189 3524 3570 3629 quondam
3628 3547 3701 3607 et
3744 3493 3945 3610 ‘sicut
4032 3633 4038 3641 α

751 3679 991 3760 tendit
1028 3698 1321 3785 pratum
1359 3678 1671 3759 uillelmi
1710 3680 2056 3760 omiberti
2097 3669 2479 3784 quondam
2520 3699 2717 3759 recta
2756 3679 2948 3761 linea
2987 3708 3217 3787 usque
3255 3682 3347 3762 ad
3385 3710 3630 3764 rurem
3670 3677 3943 3766 bellam

756 3857 828 3917 et
865 3865 906 3916 a
943 3864 1105 3917 rure
1145 3836 1335 3946 bella
1372 3856 1570 3918 recta
1607 3837 1798 3917 linea
1856 3865 2088 3942 usque
2125 3837 2218 3918 ad
2266 3837 2631 3918 fossatum
2680 3806 3089 3943 aquilarum
3129 3839 3261 3946 (5)
3298 3867 3556 3938 uersus
3598 3844 3942 3924 baennaS.

754 4014 1097 4075 teneatur
1153 3962 1252 4074 ειν
1284 3996 1550 4076 debeat
1607 3997 1803 4101 ipsas
1855 3998 2376 4101 possessiones
2410 4014 2785 4099 regestare
2825 4015 2898 4076 et
2934 4024 3213 4102 ponere
3252 3999 3327 4077 in
3367 4018 3670 4104 regesto
3728 4001 3946 4082 baen-

756 4143 1042 4233 narum.
1102 4172 1176 4233 et
1231 4153 1324 4233 de
1380 4155 1559 4258 ipsis
1614 4153 1905 4234 soluere
1961 4151 2259 4234 fodrum
2319 4173 2392 4232 et
2446 4152 2659 4233 talias
2698 4154 2773 4233 in
2817 4155 3140 4235 baennis,
3186 4183 3357 4236 cum
3413 4157 3740 4263 predicte
3776 4186 3947 4264 pos-

759 4312 1133 4391 sessiones
1188 4311 1336 4391 sint
1391 4313 1468 4392 in
1524 4338 1749 4417 posse
1807 4283 2260 4391 baennarum
2318 4329 2392 4390 et
2447 4309 2807 4389 districtu.
2884 4312 2978 4390 Et
3058 4331 3393 4417 potestas
3447 4333 3784 4395 teneatur
3840 4318 3947 4397 in-

759 4469 1046 4572 quirere
1103 4469 1339 4550 dictas
1391 4471 1909 4575 possessiones
1960 4478 2038 4549 'et
2095 4469 2329 4549 facere
2401 4495 2527 4549 eas
2608 4470 2789 4574 poni
2873 4470 2949 4549 in
3004 4490 3306 4576 regesto
3363 4471 3815 4554 baennarum
3874 4495 3948 4556 et

758 4625 1182 4707 deffendere
1238 4654 1320 4707 ac
1377 4627 1767 4733 prohibere
1824 4646 1903 4706 ut
1959 4628 2051 4707 de
2108 4627 2347 4707 dictis
2379 4627 2980 4732 possessionibus
3016 4627 3190 4709 alibi
3228 4657 3451 4734 quam
3508 4633 3583 4709 in
3641 4633 3948 4713 baennis

757 4783 960 4864 nulle
1015 4784 1188 4865 talie
1246 4785 1364 4866 uel
1423 4785 1633 4866 fodra
1689 4786 2073 4866 soluantur
2127 4769 2249 4866 uel
2304 4805 2796 4889 regestentur.
2862 4787 2955 4867 Et
3014 4788 3074 4867 si
3132 4816 3275 4892 qua
3330 4816 3649 4893 persona
3714 4790 3949 4870 dictas

760 4933 1276 5047 possessiones
1348 4946 1834 5049 regestauerit
1905 4944 2026 5023 uel
2100 4947 2192 5027 de
2278 4946 2456 5050 ipsis
2540 4943 2840 5025 fodrum
2925 4945 3231 5025 soluerit
3322 4946 3496 5025 alibi
3579 4973 3804 5050 quam
3870 4947 3946 5026 in

761 5100 1095 5182 baennis,
1157 5101 1400 5183 soluat
1451 5130 1588 5209 pro
1642 5129 1856 5209 pena.
1897 5130 2033 5207 pro
2089 5103 2413 5208 qualibet
2449 5131 2769 5208 persona
2827 5124 2899 5183 et
2954 5102 3279 5208 qualibet
3334 5088 3843 5184 uice’solidos
3898 5132 3947 5182 x

764 5261 985 5340 curie.
1040 5280 1114 5340 et
1161 5260 1487 5365 quelibet
1555 5289 1872 5367 persona
1926 5262 2166 5367 possit
2222 5260 2394 5341 inde
2450 5288 2813 5341 accusare.
2874 5279 2947 5341 et
3003 5263 3070 5341 ei
3126 5264 3547 5342 iuramento
3613 5261 3949 5342 credatur

765 5437 839 5498 et
866 5419 1133 5499 habeat
1188 5420 1483 5499 tertiam
1535 5438 1821 5525 partem
1876 5421 2124 5500 banni.
2156 5420 2250 5500 Et
2278 5394 2603 5500 comune
2659 5420 3111 5500 baennarum
3142 5439 3478 5500 teneatur
3506 5447 3948 5501 conseruare

766 5577 925 5657 sine
982 5576 1314 5683 dampno
1370 5603 1641 5658 omnes
1712 5604 2069 5685 personas
2121 5577 2488 5683 predictas
2570 5576 2662 5657 de
2720 5578 2932 5658 omni
2989 5577 3320 5683 dampno
3375 5577 3578 5683 quod
3635 5580 3950 5659 incurre-

940 5813 1026 5865 12
