5117 6834
2106 246 2547 422 LXVIII

735 653 864 706 seu
921 654 1050 730 per
1105 653 1247 732 que
1303 627 1691 730 designate
1729 625 1996 708 fuerint
2034 626 2228 707 dicte
2265 627 2582 708 bealerie
2636 655 2766 733 per
2823 628 3067 708 dictos
3103 629 3522 708 massarios.
3583 599 3676 708 Et
3713 629 3942 739 quod

735 783 979 888 aliqua
1018 810 1335 889 persona
1374 812 1528 870 non
1567 786 1804 890 possit
1842 784 2092 890 aliquo
2132 785 2370 866 modo
2409 785 2768 891 impedire
2809 813 2939 866 seu
2977 783 3468 867 contrafacere
3517 785 3921 890 quominus

736 940 1065 1046 predicta
1117 942 1276 1022 fieri
1335 970 1490 1022 non
1548 945 1862 1048 possint.
1906 942 2039 1023 sub
2077 971 2266 1049 pena
2306 943 2719 1025 solidorum
2779 974 2826 1022 x
2883 971 3018 1049 pro
3077 944 3412 1048 quolibet
3467 962 3539 1024 et
3595 942 3920 1048 qualibet

742 1099 904 1177 uice
959 1126 1099 1202 qua
1158 1099 1691 1181 contrafecerit.
1778 1119 1851 1180 et
1934 1102 2027 1181 de
2107 1101 2454 1206 predictis
2527 1101 2835 1208 predicti
2890 1120 3039 1182 tres
3096 1120 3169 1182 et
3224 1100 3530 1206 quilibet
3587 1097 3916 1206 ipsorum

737 1259 1030 1362 possint
1086 1285 1424 1338 accusare
1481 1279 1555 1339 et
1611 1262 1719 1340 eis
1775 1279 1848 1340 et
1904 1259 2203 1340 cuilibet
2258 1262 2593 1365 ipsorum
2671 1262 3090 1340 iuramento
3156 1261 3510 1341 credatur.
3570 1261 3663 1340 Et
3717 1278 3924 1364 pote-

741 1436 890 1497 stas
944 1417 1181 1521 possit
1238 1417 1409 1497 inde
1467 1412 1853 1523 inquirere.
1940 1418 2086 1499 hoc
2172 1418 2381 1499 saluo
2465 1420 2668 1524 quod
2727 1420 2786 1499 si
2854 1420 3247 1529 occasione
3330 1418 3524 1498 dicte
3608 1404 3947 1497 bealerie⁴

739 1557 1382 1681 dampnificaretur
1437 1576 1678 1681 aliqua
1731 1582 2049 1683 persona
2105 1579 2312 1658 cuius
2369 1598 2564 1658 esset
2647 1597 2937 1684 pratum
3020 1604 3147 1683 per
3203 1576 3427 1698 quod·
3461 1576 3671 1657 fieret
3726 1575 3919 1656 dicta

740 1734 1076 1815 bealeria.
1162 1735 1363 1840 quod
1447 1762 1761 1841 persona
1820 1707 1949 1817 seu
2005 1763 2321 1841 persone
2406 1764 2548 1842 que
2623 1737 3086 1842 requisierint
3167 1734 3442 1815 dictam
3529 1734 3920 1815 bealeriam

734 1893 894 1973 fieri
951 1913 1337 1975 teneantur
1392 1895 1775 1975 restituere
1858 1895 2144 1974 dictum
2227 1894 2635 2000 dampnum
2718 1894 2912 1973 dicte
2994 1921 3309 1999 persone
3375 1892 3917 1999 dampnificate.

739 2053 1148 2134 secundum
1206 2054 1772 2134 extimationem
1831 2053 2202 2134 dictorum
2259 2055 2486 2133 trium
2569 2054 3094 2134 massariorum
3157 2053 3482 2142 termino
3538 2053 3919 2157 assignato

736 2239 865 2316 per
920 2212 1164 2292 dictos
1220 2191 1641 2293 massarios.
1702 2210 1836 2291 sub
1869 2211 2129 2292 eadem
2187 2239 2377 2317 pena
2433 2210 2852 2292 solidorum
2891 2240 2962 2290 x.
3003 2211 3096 2291 Et
3124 2194 3327 2315 quod
3382 2209 3559 2290 dicti
3589 2210 3921 2289 massarii

738 2369 989 2449 locum
1022 2372 1336 2450 habeant
1365 2369 1457 2451 de
1486 2397 1686 2450 anno
1716 2338 1793 2450 in
1821 2397 2124 2451 annum.
2155 2371 2247 2451 Et
2266 2369 2411 2451 hoc
2441 2369 2842 2475 capitulum
2890 2369 3143 2449 locum
3177 2367 3440 2447 habeat
3468 2367 3914 2471 ubicumque

736 2530 813 2608 in
868 2528 1016 2608 fine
1072 2530 1524 2609 baennarum
1564 2548 1637 2609 et
1673 2549 1826 2610 tarn
1872 2557 2004 2634 per
2038 2548 2266 2610 terras
2321 2547 2395 2608 et
2449 2528 2628 2608 alias
2674 2528 3188 2655 possessiones
3242 2553 3463 2632 quarn
3510 2552 3638 2631 per
3691 2544 3916 2654 prata.

343 2956 494 3035 290
719 2765 1052 3025 DE
998 2939 1236 3025 NON
1287 2939 1821 3027 FACIENDO
1855 2941 2338 3042 ALIQUOD
2393 2943 2953 3029 STABULUM
2989 2944 3176 3030 SUB
3210 2887 3615 3047 ALIQUA
3646 2947 3899 3033 POR-

616 3107 621 3112 ’
1033 3098 1280 3181 TlCU
1333 3098 1641 3183 CIRCA
1697 3098 2288 3184 PLATHEAM.
3331 3152 3334 3154 Α

845 3313 1036 3520 ἐξ
1058 3449 1214 3504 ”ri-:M
1270 3441 1625 3503 statutum
1667 3429 1779 3503 est
1817 3422 2031 3528 quod·
2076 3423 2317 3528 aliqua
2371 3421 2686 3529 persona
2723 3451 2880 3503 non
2918 3425 3153 3529 possit
3190 3451 3327 3504 nec
3364 3424 3630 3505 debeat
3685 3424 3917 3506 facere

736 3581 1036 3686 aliquod
1094 3580 1466 3662 stabulum
1525 3607 1655 3661 seu
1709 3580 1984 3686 purcile
2040 3580 2304 3661 alicubi
2364 3584 2497 3661 sub
2553 3580 2919 3686 aliquibus
2971 3582 3276 3688 porticis
3313 3580 3432 3662 uel
3469 3581 3710 3687 aliqua
3757 3610 3920 3688 por-

735 3741 885 3819 ticu
943 3741 1131 3819 circa
1186 3738 1558 3845 platheam
1616 3741 1750 3820 sub
1806 3766 1996 3845 pena
2052 3739 2469 3820 solidorum
2506 3767 2559 3820 x
2599 3768 2735 3844 pro
2791 3738 3114 3844 qualibet
3180 3766 3493 3845 persona
3548 3766 3692 3844 que
3749 3768 3922 3821 con·

736 3898 1115 4030 trasecerit
1156 3918 1230 4024 et
1285 3898 1626 4038 qualibet
1664 3899 1850 4030 uice.
1909 3898 2002 4020 Et
2027 3896 2382 4032 quelibet
2433 3925 2779 4026 persona
2806 3899 3064 4014 possit
3100 3899 3270 3978 inde
3304 3924 3665 4021 accusare
3706 3916 3795 3978 et
3851 3900 3917 3979 ei

737 4022 1155 4137 iuramento
1183 4019 1564 4137 credatur.
1626 4057 1721 4137 Et
1773 4020 2103 4161 potestas
2157 4056 2424 4208 possit
2434 4055 2639 4169 inde
2676 4056 3201 4179 inquirere.
3326 4103 3328 4105 v
3452 4105 3458 4110 -
