5117 6834
2078 268 2598 375 XXXVII

770 547 1115 633 iniuriam
1198 546 1406 631 alteri
1489 565 1867 633 extraneo.
1954 544 2197 631 soluat
2274 572 2413 652 pro
2463 571 2657 652 pena
2709 559 3071 651 quantum
3153 542 3529 629 soluerent
3607 542 3958 629 homines

770 705 1233 793 baennarum
1288 706 1641 791 facientes
1694 704 2039 790 iniuriam
2093 730 2286 791 unus
2338 702 2549 789 alteri
2605 702 3015 789 secundum
3070 701 3390 787 formam
3464 701 3957 809 capitulorum

770 866 949 953 inde
1008 865 1397 951 factorum.

370 1265 409 1319 1
426 1238 528 1319 68
743 1144 970 1311 DE
1024 1220 1945 1307 COMBUSTIONJBUS
1996 1219 2380 1303 FACTIS.

986 1515 1053 1631 -ζ
1091 1574 1253 1645 ΊῈΜ
1305 1565 1666 1633 statutum
1738 1565 1818 1629 et
1895 1546 2322 1632 ordinatum
2365 1563 2524 1631 est.
2598 1545 2805 1650 quod
2860 1545 2923 1625 si
2972 1544 3193 1629 alicui
3247 1543 3604 1629 habitanti
3660 1544 3781 1635 uel
3835 1543 3958 1629 ali·
4014 1642 4019 1647 ,

771 1706 1040 1813 quibus
1092 1705 1593 1786 habitantibus
1646 1665 1743 1785 in.
1778 1704 2106 1785 baenniS.
2165 1729 2400 1809 usque
2437 1704 2515 1783 in
2559 1703 2815 1783 tribus.
2847 1703 3280 1783 hominibus
3333 1701 3598 1783 furtiue
3654 1704 3959 1784 combu-

769 1882 1102 1949 rerentur
1154 1863 1234 1949 in
1287 1861 1463 1945 uilla
1516 1862 1639 1945 uel
1690 1888 1914 1973 posse
1970 1860 2425 1948 baennarum
2462 1860 2740 1949 domus
2774 1878 3057 1945 tectum
3094 1861 3362 1949 messis
3404 1860 3660 1945 fenum
3714 1861 3956 1965 ayrale

771 2041 848 2104 et
900 2021 1303 2129 palearium
1361 2019 1583 2103 simul
1637 2018 1759 2103 uel
1812 2019 2089 2126 aliquid
2145 2047 2276 2103 seu
2330 2018 2573 2130 aliqua
2626 2019 2962 2130 ipsorum
3017 2019 3503 2103 emendentur
3548 2020 3688 2101 sibi
3740 2048 3783 2103 a
3836 2047 3959 2105 co-

769 2179 981 2263 muni
1037 2177 1492 2263 baennarum
1548 2179 1627 2258 in
1679 2203 1914 2261 unum
1970 2203 2312 2261 mensem
2364 2195 2767 2288 postquam
2831 2176 3258 2261 combustio
3312 2175 3499 2261 facta
3553 2179 3790 2261 fuerit.
3851 2204 3959 2260 se-

770 2336 1102 2421 cundum
1157 2336 1727 2419 extimationem
1783 2335 1955 2419 inde
2011 2332 2279 2419 factam
2313 2361 2442 2445 per
2487 2362 2592 2421 1111
2629 2332 2980 2419 homines
3032 2334 3206 2419 inde
3263 2334 3542 2418 electos
3594 2334 3820 2421 nichil
3857 2355 3958 2419 at-

765 2495 1092 2579 tinentes
1161 2519 1382 2603 passo
1455 2494 1612 2578 siue
1684 2492 1918 2597 passis
1986 2492 2420 2598 dampnum.
2485 2492 2588 2577 ita
2650 2509 2905 2577 tamen
2976 2491 3181 2599 quod
3238 2493 3300 2575 si
3353 2492 3959 2579 comburerentur

767 2650 1012 2759 ayrale
1067 2651 1345 2736 domus
1398 2669 1475 2735 et
1528 2669 1811 2737 tectum
1866 2648 2089 2733 simul
2143 2648 2267 2733 uel
2319 2648 2596 2757 aliquid
2682 2676 2814 2735 seu
2880 2648 3122 2759 aliqua
3176 2650 3513 2757 ipsorum
3567 2677 3663 2737 eo
3714 2651 3956 2739 modo

769 2835 924 2913 quo
977 2808 1425 2913 premittitur
1480 2806 1969 2889 emendentur
2021 2834 2066 2889 a
2120 2807 2428 2891 comuni
2465 2825 2547 2887 ut
2584 2808 3000 2913 predictum
3047 2826 3182 2891 est.
3241 2826 3316 2891 et
3370 2835 3542 2893 cum
3604 2808 3960 2897 omnibus

770 2966 990 3046 rebus
1046 2966 1246 3046 intus
1301 2966 1736 3045 combustis.
1794 2983 2387 3070 quantacumque
2443 2984 2518 3046 et
2574 2964 3137 3070 qualiacumque
3192 2964 3484 3046 fuerint.
3549 2966 3696 3048 hoc
3752 2967 3960 3048 intel-

775 3120 975 3205 lec'to
1027 3141 1106 3205 et
1161 3122 1568 3227 expressim
1622 3121 1826 3227 quod
1884 3123 1945 3205 si
2000 3120 2247 3226 plures
2302 3120 2573 3205 fuerint
2608 3144 2931 3228 quorum
2968 3122 3238 3205 fuerint
3272 3123 3515 3229 aliqua
3552 3124 3674 3209 uel
3719 3123 3959 3231 alique

772 3306 864 3360 ex
901 3279 1120 3359 dictis
1156 3280 1375 3360 rebus
1411 3280 1824 3360 combustis
1878 3307 2265 3361 comuneS.
2304 3308 2441 3386 pro
2478 3281 2843 3365 indiuisso
2879 3308 3016 3386 pro
3054 3309 3209 3367 uno
3248 3283 3558 3371 homine
3600 3302 3959 3389 quantum

770 3437 862 3517 ad
921 3436 1319 3517 emendam
1373 3434 1787 3517 faciendam
1842 3436 2121 3537 scilicet
2175 3437 2269 3518 de
2325 3438 2738 3519 combustis
2791 3437 3270 3545 intelligatur.
3310 3440 3412 3520 ita
3448 3457 3701 3522 tamen
3756 3440 3959 3546 quod

773 3595 834 3679 si
888 3594 1137 3701 plures
1191 3593 1467 3679 domus
1521 3613 1595 3678 et
1648 3594 1855 3705 plura
1908 3614 2103 3681 tecta
2159 3622 2289 3679 seu
2341 3594 2591 3707 plures
2645 3596 2921 3681 domus
2994 3616 3070 3681 et
3135 3595 3343 3707 plura
3395 3616 3591 3681 tecta
3655 3625 3785 3679 seu
3838 3626 3960 3701 ay-

770 3751 948 3859 ralia
1000 3753 1222 3837 unius
1275 3753 1608 3835 hominis
1660 3752 1783 3835 uel
1836 3752 2184 3860 plurium.
2240 3780 2565 3863 quorum
2618 3773 2870 3837 essent
2919 3782 3060 3862 pro
3116 3754 3504 3839 indiuisso.
3564 3754 3962 3841 combure-

770 3930 1023 3997 rentur
1076 3913 1156 3995 in
1212 3910 1664 3994 baennarum
1715 3909 1890 3993 fine.
1949 3938 2092 4019 que
2149 3929 2399 3994 essent
2453 3911 2531 3995 in
2587 3910 2902 3997 diuersis
2971 3911 3161 3997 locis
3216 3912 3373 3995 siue
3447 3912 3956 3999 sediminibus.

771 4088 949 4155 tunc
1002 4068 1215 4155 nullo
1267 4095 1443 4153 casu
1514 4067 1849 4153 dicantur
1903 4088 1978 4152 et
2032 4042 2540 4177 intelligantur
2602 4087 2720 4152 tot
2772 4096 2936 4155 esse
3010 4070 3381 4155 homines.
3438 4089 3627 4178 quot
3692 4072 3960 4157 tuerint

772 4227 938 4313 loca
992 4229 1070 4311 in
1124 4228 1394 4337 quibus
1446 4223 1715 4333 fuerint
1779 4226 1973 4313 dicte
2010 4253 2128 4309 res
2165 4227 2581 4313 combuste.
2636 4227 2732 4311 Et
2787 4227 2847 4309 si
2884 4255 2928 4311 a
2963 4225 3196 4311 tribus
3248 4225 3684 4316 hominibus
3717 4255 3955 4336 supra.

771 4405 855 4467 ut
911 4387 1244 4496 superius
1279 4384 1566 4468 dictum
1603 4403 1740 4467 est.
1778 4384 1990 4469 fieret
2023 4382 2454 4471 combustio
2489 4383 2586 4469 de
2622 4384 2865 4493 aliqua
2906 4412 3011 4469 re.
3052 4385 3153 4469 ita
3203 4385 3405 4493 quod
3449 4405 3758 4495 possent
3812 4387 3960 4473 dici

667 4586 675 4593 ·
772 4544 892 4624 uel
923 4571 1085 4625 esse
1113 4571 1238 4624 nn.
1272 4542 1540 4648 quibus
1577 4542 1764 4623 facta
1803 4560 1997 4623 esset
2035 4540 2484 4629 combustio.
2525 4570 2852 4629 comune
2889 4542 3168 4651 aliquid
3204 4544 3299 4624 de
3325 4544 3676 4651 predictis
3711 4572 3959 4633 emen-

772 4700 943 4781 dare
1001 4728 1159 4782 non
1211 4719 1569 4782 teneatur.
1627 4702 1772 4781 nisi
1829 4719 2024 4780 esset
2082 4699 2512 4781 combustio
2586 4700 2910 4782 clausule
2983 4701 3292 4783 alicuius
3363 4703 3631 4806 ayralis
3682 4703 3960 4785 domus

770 4858 891 4938 uel
947 4859 1125 4943 tecti
1179 4885 1311 4939 seu
1367 4859 1591 4943 curtis
1647 4857 1955 4941 alicuius
2007 4859 2246 4963 quarti
2301 4858 2637 4943 hominis
2671 4861 2799 4965 qui
2834 4877 3035 4945 esset
3087 4887 3400 4945 consors
3452 4887 3699 4945 rerum
3754 4888 3958 4947 com-

771 5015 1177 5098 bustarum.
1235 5014 1356 5096 uel
1411 5016 1719 5096 alicuius
1771 5017 2131 5121 ipsorum.
2172 5043 2316 5121 que
2355 5016 2686 5103 clausura
2722 5018 3034 5103 minime
3070 5046 3115 5099 a
3152 5019 3458 5103 comuni
3494 5018 3954 5103 emendetur.
4028 5042 4031 5045 ·

719 5208 722 5211 ·
769 5192 1047 5254 tamen.
1122 5192 1423 5279 propter
1491 5174 2101 5255 combustionem
2173 5175 2402 5279 ipsius
2475 5175 2830 5277 clausure.
2902 5175 3436 5257 nichilominus
3517 5176 3957 5258 emendetur

768 5330 932 5417 aliis
983 5333 1218 5416 tribus
1271 5332 1727 5417 hominibus,
1784 5360 1928 5438 que
1986 5331 2126 5413 sibi
2179 5336 2573 5417 combusta
2626 5334 2916 5417 ruerint.
2995 5333 3403 5417 secundum
3490 5334 3693 5440 quod
3750 5362 3961 5442 supe·
4086 5342 4090 5346 ’

763 5488 916 5575 rius
971 5508 1084 5573 est
1149 5516 1604 5599 expressum.
1685 5490 1833 5573 hoc
1906 5489 2118 5573 saluo
2187 5489 2393 5599 quod
2466 5508 2853 5575 teneantur
2906 5491 3141 5577 iurare
3194 5517 3466 5575 omnes
3520 5491 3614 5575 de
3680 5491 3957 5579 familia

991 5723 1085 5778 10
