5117 6834
335 2012 494 2090 260

337 3221 491 3298 261

2202 335 2440 442 LXI

724 638 884 716 uice
942 636 1358 767 solidorum
1413 663 1511 713 xx
1567 636 1998 765 astensium.
2082 635 2174 715 Et
2256 639 2669 763 predictum
2738 636 3150 767 capitulum
3228 637 3323 716 sit
3356 635 3786 758 trunchum
3821 653 3906 714 et

727 796 1101 874 excissum
1156 814 1232 873 et
1283 757 1533 874 eidem
1585 768 2021 874 renunciari
2036 822 2211 875 non
2259 798 2525 901 possit.
2575 798 2704 876 Et
2723 768 2813 876 si
2839 795 3320 875 renunciatio
3338 793 3550 913 facta
3561 794 3774 873 luerit
3812 793 3906 873 sit

725 979 929 1033 cassa
986 970 1059 1032 et
1113 979 1303 1032 uana
1360 971 1434 1031 et
1492 951 1766 1031 nullius
1820 952 2117 1034 ualoris.
2176 954 2271 1034 Et
2326 955 2658 1034 notarius
2714 954 2839 1058 qui
2893 954 3272 1058 reciperet
3329 954 3905 1084 instrumentum

728 1112 803 1190 in
859 1138 1011 1215 quo
1064 1110 1275 1190 fieret
1332 1109 1613 1190 dictum
1674 1096 2217 1192 sacramentum
2275 1113 2617 1192 eamdem
2657 1139 2927 1217 penam
2985 1112 3411 1192 substineat.
3476 1080 3549 1191 et
3603 1111 3700 1191 de
3751 1125 3905 1215 pr'e-

728 1269 948 1348 dictis
1002 1267 1332 1373 quelibet
1387 1293 1701 1373 persona
1759 1271 2018 1374 possit
2050 1271 2222 1350 inde
2305 1298 2643 1350 accusare
2726 1270 3401 1351 contrafacientem.
3462 1288 3534 1351 et
3591 1271 3655 1348 ei
3714 1271 3907 1347 iura-

732 1446 998 1506 mento
1065 1426 1400 1507 credatur
1457 1446 1530 1506 et
1603 1427 1868 1507 habeat
1895 1415 1899 1418 ⁷
1931 1430 2225 1509 tertiam
2284 1449 2568 1534 partem
2626 1431 2870 1509 banni.
2930 1449 3004 1509 et
3060 1449 3389 1535 potestas
3443 1432 3679 1535 possit
3735 1429 3906 1510 inde

731 1586 1119 1689 inquirere.

732 1929 961 2099 DE
1011 2008 1456 2097 PoRcffls
1482 2004 1723 2093 Nou
1756 2003 2395 2093 DEBEN‘nBus
2428 2002 2890 2089 INTRARE
2919 1977 3401 2102 ALIQUEM
3433 1999 3909 2086 FONTEM.

861 2226 1210 2433 QUEM
1267 2339 1622 2401 statutum
1683 2341 1794 2402 est
1850 2321 2051 2426 quod
2110 2322 2170 2402 si
2225 2321 2465 2425 aliqua
2502 2320 2735 2402 bestia
2773 2322 3126 2426 porchina
3175 2323 3553 2403 intrauerit
3590 2322 3913 2462 aliquem

740 2478 1054 2560 fontem.
1114 2479 1270 2558 siue
1327 2477 1575 2560 fontes
1629 2480 1947 2559 incurrat
2002 2477 2356 2560 dominus
2409 2477 2529 2613 uel
2587 2479 2893 2558 domina
2976 2479 3170 2558 dicte
3251 2480 3498 2611 bestie
3552 2508 3702 2610 pro
3715 2508 3914 2608 qua-

740 2636 918 2716 libet
977 2614 1223 2718 bestia
1267 2657 1340 2717 et
1396 2604 1721 2742 qualibet
1775 2639 1938 2718 uice
1996 2611 2284 2718 solidos
2335 2665 2412 2718 111
2441 2656 2792 2718 astenses.
2834 2639 2926 2718 Et
2962 2605 3288 2743 quelibet
3323 2666 3641 2770 persona
3677 2641 3915 2745 possit

739 2796 909 2875 inde
965 2822 1303 2876 accusare
1344 2814 1417 2876 et
1456 2796 1523 2875 ei
1562 2797 1981 2876 iuramento
2037 2795 2392 2877 credatur.

736 3142 963 3310 DE
1014 3216 1633 3307 PochARns
1686 3212 2322 3302 DEBENTfflus
2375 3212 2610 3299 Esse
2662 3211 2777 3297 m
2834 3210 3144 3299 uuLA
3221 3142 3906 3298 BAENNARUM.

863 3438 1216 3641 &En-:M
1272 3550 1629 3613 statutum
1688 3552 1799 3614 est
1872 3534 2079 3638 quod
2137 3535 2212 3612 in
2269 3533 2603 3638 quolibet
2639 3535 3026 3638 ‘quarterio
3085 3533 3257 3614 uille
3314 3533 3768 3614 baennarum
3826 3534 3918 3614 sit

746 3710 818 3770 et
875 3717 1035 3771 esse
1092 3689 1355 3771 debeat
1409 3718 1601 3771 unus
1653 3692 2080 3797 porcharius
2135 3693 2258 3796 qui
2314 3710 2648 3771 teneatur
2705 3711 2778 3771 et
2832 3691 3095 3771 debeat
3149 3691 3414 3772 ducere
3470 3691 3562 3772 ad
3624 3720 3921 3798 pascen-

743 3849 923 3928 dum
981 3867 1054 3929 et
1110 3849 1481 3930 custodire
1538 3850 1809 3930 bestias
1860 3849 2254 3955 porchinas
2311 3868 2383 3929 et
2438 3867 2772 3929 teneatur
2826 3869 3077 3929 tenere
3134 3877 3366 3929 unum
3424 3876 3720 3929 uerrum
3778 3849 3917 3931 suf-

745 4007 1120 4087 ficientem
1178 4008 1271 4087 ad
1331 4007 1754 4087 souandum
1809 4009 2115 4110 trogias.
2177 4008 2310 4087 sub
2365 4034 2553 4112 pena
2611 4027 2684 4086 et
2738 4010 2989 4087 banno
3073 4007 3488 4088 solidorum
3543 4035 3618 4088 111
3673 4027 3919 4097 asten-

748 4167 941 4249 sium
996 4193 1131 4271 pro
1188 4164 1511 4270 qualibet
1567 4166 1686 4245 die
1743 4172 1886 4270 qua
1943 4167 2226 4246 steterit
2281 4166 2483 4269 quod
2542 4192 2698 4245 non
2741 4145 3030 4246 habeat.
3073 4166 3355 4246 dictum
3413 4162 3760 4246 uerrum'-
3791 4169 3918 4272 qui

746 4324 1172 4429 porcharius
1200 4323 1463 4404 debeat
1489 4323 1757 4404 habere
1786 4343 1935 4404 tres
1962 4323 2306 4405 denarios
2334 4342 2406 4404 et
2436 4349 2669 4404 unum
2698 4325 2967 4429 panem
2986 4327 3122 4428 pro
3143 4322 3465 4429 qualibet
3494 4325 3741 4429 trogia
3769 4352 3914 4429 que

749 4500 1007 4562 souata
1055 4481 1269 4561 fuerit
1302 4508 1429 4586 per
1457 4480 1741 4561 dictum
1786 4508 2105 4562 uerrum.
2138 4481 2232 4561 Et
2261 4481 2462 4586 quod
2504 4481 2828 4583 quelibet
2872 4508 3185 4586 persona
3240 4508 3382 4585 que
3421 4481 3646 4562 uellet
3687 4482 3920 4563 facere

748 4639 1103 4720 custodiri
1160 4666 1327 4720 suas
1381 4640 1653 4720 bestias
1709 4640 2102 4744 porchinas
2156 4658 2491 4720 teneatur
2546 4638 2882 4719 traddere
2952 4639 3475 4721 custodiendas
3532 4642 3921 4746 porcherio

750 4799 859 4878 sui
915 4798 1281 4902 quarterii.
1342 4817 1415 4878 et
1471 4798 1532 4878 si
1587 4796 1794 4878 alteri
1833 4824 2057 4902 quarn
2092 4799 2497 4902 porcherio-
2526 4799 2637 4877 sui
2678 4798 3021 4901 quarterii
3059 4818 3344 4878 cazaret
3389 4787 3923 4880 nichilominus

750 4975 1084 5038 teneatur
1141 4954 1431 5037 soluere
1487 4955 1806 5037 loetium
1860 4956 1937 5035 in
1990 4975 2160 5036 toto
2218 4955 2421 5036 dicto
2474 4955 2891 5062 porcheriO.
2967 4975 3044 5040 Et
3077 4972 3248 5062 quod
3278 4972 3541 5062 quilibet
3572 4975 3679 5063 qui
3712 4991 3922 5041 custo-

751 5129 880 5198 diat
924 5153 1174 5220 porcos.
1223 5132 1331 5220 qui
1378 5153 1519 5199 non·
1558 5133 1640 5198 sit
1684 5131 2008 5219 porcarius
2056 5132 2371 5197 comunis,
2420 5153 2549 5198 non
2599 5133 2804 5219 possit
2851 5131 3167 5200 custodire
3236 5131 3479 5220 aliquos
3539 5154 3771 5220 porcos
3818 5104 3927 5199 εὶ-

752 5290 950 5378 ceptis
996 5291 1126 5357 suis
1172 5291 1446 5379 propriis
1493 5307 1554 5356 et
1601 5291 1709 5378 qui
1756 5288 2197 5357 contrafecerit
2243 5312 2362 5377 pro
2409 5288 2694 5378 quolibet
2740 5307 2802 5356 et
2848 5288 3127 5378 qualibet
3172 5292 3312 5356 uice
3359 5289 3563 5357 soluat
3610 5290 3851 5358 solidos
3881 5312 3926 5359 x

751 5466 1048 5517 astenses,
1099 5466 1160 5516 et
1207 5447 1380 5538 quod
1425 5448 1504 5516 de
1550 5447 1846 5537 predictis
1893 5446 2167 5537 quelibet
2212 5470 2483 5536 persona
2551 5450 2752 5536 possit
2820 5447 2969 5515 inde
3016 5469 3309 5515 accusare
3354 5467 3416 5515 et
3462 5450 3522 5515 ei
3566 5450 3926 5518 iuramento

752 5605 1039 5674 credatur
1086 5625 1147 5674 et
1193 5605 1415 5674 habeat
1461 5608 1716 5674 tertiam
1762 5625 2008 5695 partem
2055 5605 2244 5674 banni
2291 5624 2353 5673 et
2402 5607 2700 5674 dominus
2747 5623 3024 5695 potestas
3071 5608 3272 5694 possit
3319 5606 3466 5674 inde
3509 5609 3848 5696 inquirere.

876 5804 963 5879 16
