5117 6834
717 667 868 722 110

728 2349 869 2405 111

733 3872 879 3929 112

1107 543 1517 750 QJOD
1573 623 2338 706 LABORATORES
2392 623 2746 704 NICHIL
2802 621 3298 703 PORTENT
3353 622 3488 701 DE
3541 621 3896 702 UINEIS.

1252 917 1314 1053 ἑξ
1344 953 1587 1048 ’.ἓΤΕΜ
1627 972 1984 1033 statutum
2026 973 2136 1034 est
2175 953 2377 1058 quod
2409 953 2674 1057 aliquis
2730 953 3102 1033 laborator
3158 954 3281 1057 qui
3340 952 3782 1032 laborauerit
3836 953 3927 1033 ad
3986 952 4304 1033 loerium

1111 1114 1189 1192 in
1245 1114 1464 1192 uinea
1520 1112 1828 1192 alicuius
1880 1139 2040 1191 non
2095 1111 2333 1217 possit
2390 1139 2527 1192 nec
2584 1111 3162 1216 debeat2capere
3204 1138 3331 1191 seu
3368 1130 3704 1215 aportare
3743 1112 3837 1191 de
3894 1112 4050 1216 ipsa
4087 1114 4306 1192 uinea

1113 1270 1357 1375 aliqua
1415 1270 1619 1375 ligna
1677 1297 1806 1349 seu
1862 1268 2138 1374 aliquid
2195 1269 2392 1350 aliud
2451 1270 2655 1374 quod
2714 1289 2908 1349 esset
2989 1270 3083 1349 de
3166 1236 3360 1349 dicta
3424 1271 3644 1348 uinea
3700 1268 3834 1349 sub
3889 1296 4080 1374 pena
4136 1269 4308 1349 soli-

1113 1430 1384 1523 dorum
1443 1456 1561 1523 111.¹
1602 1454 1738 1533 pro
1795 1428 2131 1534 quolibet
2186 1430 2493 1532 quocies
2548 1429 3081 1509 contrafecerit.
3167 1447 3238 1507 et
3321 1428 3646 1532 quelibet
3699 1455 4015 1532 persona
4069 1429 4307 1535 possit

1113 1586 1285 1666 inde
1341 1613 1680 1665 accusare
1739 1605 1811 1665 et
1868 1585 2203 1665 credatur
2257 1585 2712 1666 accusationi
2771 1614 2901 1666 sue
2958 1572 3402 1666 iuramento.
3464 1605 3537 1666 et
3592 1605 3927 1691 potestas
3973 1605 4308 1665 teneatur

1117 1745 1484 1849 inquirere
1543 1763 1617 1824 et
1674 1745 1833 1823 eius
1888 1743 2165 1823 familia
2221 1772 2585 1823 accusare.
2647 1762 2719 1823 et
2777 1745 2886 1824 eis
2940 1744 3361 1827 iuramento
3446 1744 3803 1823 credatur.
3891 1763 3963 1823 et
4046 1744 4309 1823 habeat

1116 1903 1411 1982 tertiam
1466 1920 1752 2006 partem
1808 1900 2054 1981 banni.

1114 2251 1522 2459 QJOD
1576 2333 1928 2416 NULLA
1989 2333 2462 2417 PERSONA
2532 2333 2916 2415 CAPIAT
2978 2333 3595 2415 SARMENTAS
3653 2334 3849 2467 UEL
3901 2334 4302 2434 ALIQUA

1156 2524 1161 2529 ’
1434 2492 1677 2572 ALIA
1730 2494 1842 2574 IN
1897 2493 2228 2572 UINEIS
2282 2492 2704 2573 ALIENIS.

1269 2740 1327 2794 tt,
1359 2760 1427 2794 ⁴--
3521 2781 3526 2786 .

1263 2761 1598 2916 {flTssM
1627 2841 1985 2902 statutum
2016 2842 2126 2902 est
2164 2823 2367 2928 quod
2408 2824 2648 2928 aliqua
2703 2852 3019 2930 persona
3075 2851 3232 2902 non
3286 2823 3523 2927 possit
3579 2850 3716 2902 nec
3754 2822 4017 2902 debeat
4054 2849 4308 2927 capere

1056 3068 1060 3073 ,
1123 2979 1200 3058 in
1237 2979 1497 3059 alienis
1551 2981 1792 3060 uineis
1846 2980 2127 3085 aliquas
2185 2999 2594 3062 sarmentas
2650 3009 2778 3062 seu
2815 2982 3030 3062 uites,
3069 2980 3189 3061 uel
3227 2981 3469 3086 aliqua
3504 2980 3645 3061 alia
3682 2980 3908 3086 ligna.
3951 2981 4084 3061 sub
4122 3008 4348 3085 pena·

1124 3135 1540 3217 solidorum
1596 3166 1645 3216 x
1701 3177 1755 3219 et
1791 3165 2015 3219 totidem
2054 3182 2149 3236 pro
2186 3166 2411 3220 emenda
2475 3167 2611 3244 pro
2667 3138 2991 3243 qualibet
3044 3166 3359 3244 persona
3415 3139 3720 3243 quocies
3776 3137 4308 3219 contrafecerit.

1124 3296 1218 3375 Et
1273 3294 1601 3399 quelibet
1655 3323 1975 3401 persona
2028 3297 2268 3401 possit
2323 3296 2494 3376 inde
2569 3323 2932 3376 accusare.
3021 3315 3094 3376 et
3176 3297 3242 3376 ei
3326 3298 3744 3376 iuramento
3826 3295 4179 3376 credatur.
4241 3317 4313 3377 et

1121 3473 1453 3558 potestas
1498 3474 1835 3535 teneatur
1892 3456 2257 3560 inquirere
2315 3474 2389 3534 et
2444 3456 2602 3534 eius
2657 3454 2932 3535 familia
2992 3483 3353 3535 accusare.

1120 3802 1344 3968 DE
1398 3882 1680 3966 FENO
1732 3883 1971 3967 NON
2025 3884 2674 3967 EXTRAENDO
2730 3883 3082 3967 EXTRA
3135 3885 3420 3968 FINES
3486 3886 4162 3971 BAENNARUM.

1250 4124 1601 4328 QUEM
1639 4236 1996 4298 statutum
2037 4236 2147 4296 est
2186 4217 2388 4324 quod
2445 4217 2687 4321 aliqua
2724 4243 3040 4323 persona
3094 4244 3251 4296 non
3305 4216 3645 4297 habitans
3700 4244 3830 4297 seu
3885 4245 4027 4323 que
4084 4217 4162 4297 in
4216 4217 4318 4296 fu·

1126 4394 1375 4455 turum
1431 4402 1586 4454 non
1642 4375 2080 4455 habitauerit
2136 4376 2211 4453 in
2273 4376 2577 4455 baennis
2633 4375 2985 4455 continue
3042 4402 3213 4455 cum
3270 4373 3443 4455 foco
3501 4393 3574 4455 et
3631 4403 3801 4454 cum
3850 4373 4124 4454 familia
4165 4402 4315 4454 sua.

1125 4532 1405 4613 habens
1461 4559 1590 4612 seu
1646 4560 1790 4637 que
1845 4533 1924 4612 in
1980 4532 2308 4612 futurum
2364 4532 2697 4612 habuerit
2753 4532 3055 4639 aliquod
3110 4552 3402 4637 pratum
3459 4535 3614 4613 siue
3673 4532 3989 4639 gerbum
4045 4533 4182 4641 (2)
4241 4534 4316 4612 in

1028 4742 1032 4747 ·
1126 4690 1276 4771 fine
1359 4690 1556 4794 lequi
1640 4709 1714 4770 et
1797 4709 2283 4795 costemagne
2366 4691 2874 4772 iurisdictione
2966 4693 3419 4770 baennarum
3492 4709 3827 4771 teneatur
3909 4711 3983 4770 et
4056 4690 4320 4770 debeat

1129 4848 1398 4930 ducere
1454 4849 1575 4929 uel
1632 4848 1801 4929 duci
1857 4847 2090 4928 facere
2147 4848 2266 4928 uel
2324 4851 2767 4955 consignare
2829 4850 3182 4955 potestati
3239 4849 3689 4929 baennarum
3745 4868 3993 4929 toturn
4067 4847 4320 4929 fenum

1129 5006 1333 5114 quod
1390 5008 1466 5087 in
1523 5007 1727 5087 dicto
1780 5026 1993 5112 prato
2051 5034 2182 5087 seu
2239 5010 2474 5111 gerbo
2530 5007 2746 5087 fuerit
2801 5006 2923 5087 uel
2977 5009 3401 5112 prouenerit
3439 5009 3515 5087 in
3543 5007 3814 5111 ayralia
3868 5010 4321 5088 baennarum

2150 5166 2283 5245 sub
2338 5193 2528 5272 pena
2587 5166 3003 5247 solidorum
3057 5194 3154 5246 Lx
3207 5194 3344 5271 pro
3400 5166 3724 5271 qualibet
3778 5194 4095 5273 persona
4151 5196 4321 5248 con-

1127 5324 1573 5406 trafaciente.
1632 5327 1733 5405 ita
1790 5325 2095 5430 quidem
2152 5326 2354 5430 quod
2412 5326 2863 5429 consignato
2919 5345 2995 5405 et
3050 5324 3279 5405 ducto
3334 5326 3540 5405 dicto
3577 5325 3754 5406 feno
3790 5345 3873 5405 ut
3908 5325 4322 5431 predictum

1133 5503 1267 5565 est.
1327 5511 1482 5563 non
1536 5485 1775 5588 possit
1829 5496 1966 5563 n‘ec
2022 5483 2285 5563 debeat
2339 5504 2601 5589 postea
2658 5485 2939 5564 extrahi
2995 5484 3279 5564 dictum
3335 5483 3590 5564 fenum
3643 5511 3774 5589 per
3810 5484 4133 5589 aliquam
4171 5512 4324 5590 per-

3819 5673 3860 5687 f
