5117 6834
1167 584 1365 688 cipio
1423 584 1787 688 camparie
1843 590 2012 701 non
2043 583 2378 705 ‘incidere
2420 611 2690 701 'capere'
2747 583 2866 697 uel
2904 584 3208 703 boscare
3266 584 3658 697 seu'incidi
3698 587 3858 691 capi
3896 588 4016 668 uel
4055 588 4343 669 boscari

1170 706 1404 821 facere
1456 740 1694 821 ‘uiride
1743 740 1867 821 ‘uel
1900 742 2216 863 ssichum
2232 762 2249 855 ᾗ,
2271 743 2355 863 ἰῐιν
2370 847 2390 862 ..
2406 741 2666 823 alienis
2703 742 3257 859 *boschis-finis-
3298 745 3783 855 baennarum:
3827 757 3996 853 'necss
4026 748 4103 828 in
4153 748 4347 852 -ipsis

1165 899 1466 980 boschis
1520 898 1779 979 alienis
1834 921 2101 1004 capere
2140 898 2521 1005 'colligere‘
2584 920 2712 980 seu
2795 901 2953 1007 capi
3009 899 3129 981 uel
3186 900 3482 1005 colligi‘
3519 901 3784 983 facere·
3813 903 4170 1007 glandem
4226 903 4346 986 uel

1167 1057 1467 1163 gallam.
1527 1078 1600 1137 et
1656 1058 1857 1162 quod
1914 1076 2245 1163 potestas
2297 1054 2635 1139 teneatur
2670 1060 2925 1168 dictos
2952 1061 3390 1164 camparioS.
3439 1079 3614 1140 tunc
3670 1064 4055 1168 temporis.
4113 1063 4346 1145 facere

1170 1217 1403 1296 iurare
1461 1217 1854 1295 obseruare
1910 1215 2256 1320 predicta.
2308 1197 2397 1296 ut
2452 1217 2734 1296 dictum
2795 1237 2927 1297 est.
2985 1219 3079 1297 Et
3134 1218 3666 1298 nichilominus
3703 1219 4009 1324 quilibet
4065 1249 4351 1327 campa-

1170 1375 1320 1455 rius
1379 1375 1535 1478 ,qui
1583 1374 2113 1455 contrafecerit.
2175 1374 2295 1455 uel
2348 1375 2507 1455 fieri
2565 1374 2815 1455 fecerit
2870 1394 3124 1455 contra
3179 1375 3503 1481 predicta
3557 1376 3677 1457 uel
3747 1377 4020 1483 aliquid
4077 1379 4351 1485 predic-

1168 1552 1419 1612 torum
1479 1531 1721 1612 soluat
1758 1560 1894 1638 pro
1934 1535 2181 1613 banno
2237 1531 2526 1612 solidos
2563 1559 2614 1612 x
2645 1552 2718 1611 et
2753 1531 3077 1613 totidem
3113 1560 3248 1638 pro
3289 1534 3606 1615 emenda
3642 1562 3864 1642 passo
3911 1535 4344 1643 dampnum.

1173 1710 1247 1770 et
1302 1692 1362 1770 si
1421 1690 1737 1771 emenda
1794 1709 1987 1770 esset
2069 1690 2344 1771 incerta
2425 1689 2776 1795 aplicetur
2816 1709 2905 1771 et
2959 1692 3336 1796 perueniat
3418 1694 3615 1772 curie
3698 1692 4172 1776 baennarum.
4278 1718 4350 1777 et

1173 1849 1496 1955 quelibet
1551 1876 1865 1955 persona
1922 1852 2117 1929 bone
2174 1848 2366 1929 fame
2423 1850 2660 1955 possit
2716 1849 2886 1929 inde
2925 1877 3262 1930 accusare
3303 1869 3376 1929 et
3414 1851 3480 1930 ei
3520 1852 3938 1934 iuramento
3994 1854 4347 1969 credatun

1174 2027 1247 2086 et
1303 2006 1566 2088 habeat
1649 2009 1942 2087 tertiam
2010 2027 2295 2113 partem
2351 2007 2594 2087 banni.
2634 2025 2708 2087 et
2747 2009 2973 2086 etiam
3009 2027 3344 2089 teneatur
3380 2011 3674 2115 priuata
3700 2013 3761 2091 si
3802 2011 3997 2093 dicta
4033 2041 4350 2119 persona

1173 2193 1527 2283 accusans
1581 2164 1797 2283 fuerit
1851 2167 1928 2245 in
1954 2185 2294 2277 regesto
2342 2166 2452 2276 de
2492 2162 2694 2275 libris
2754 2191 2856 2246 xx
2910 2192 3150 2274 supra.
3209 2168 3303 2247 Et
3357 2169 3561 2277 quod
3616 2189 3947 2335 potestas
4002 2174 4241 2277 possit
4267 2194 4351 2253 et

1158 2319 1508 2404 'teneatur
1564 2325 1737 2404 inde·
1774 2326 2239 2429 inquirere.
2388 2342 2417 2347 ”
2635 2340 2680 2348 ”
2775 2336 2782 2345 ’
2833 2338 2838 2345 ’

1108 2854 1113 2859 .
1161 2666 1569 2877 QJOD
1621 2749 2027 2848 ALIQUA
2076 2748 2613 2834 POSSESSIO
2684 2748 2924 2833 NON
2995 2747 3352 2830 POSSIT
3421 2746 3742 2862 UENDI
3811 2745 4050 2829 NON
4118 2742 4351 2838 SOL-

1476 2906 1797 2991 UENTI
1849 2906 2294 2993 FODRUM
2344 2908 2458 2993 IN
2509 2906 2974 3012 BAENNIS.

1313 3175 1370 3293 Ξ»
1404 3199 1464 3311 ζ-
1496 3248 1654 3304 ΤΕΜ
1709 3241 2065 3302 statutum
2105 3241 2216 3301 est
2252 3222 2455 3326 quod
2495 3220 2737 3325 aliqua
2775 3248 3091 3326 persona
3127 3248 3284 3301 non
3322 3222 3558 3326 possit
3595 3221 3919 3301 uendere
3958 3221 4080 3302 uel
4118 3224 4357 3302 modo

1180 3383 1429 3489 aliquo
1485 3382 1799 3461 alienare
1854 3380 2175 3485 aliquam
2214 3380 2770 3484 possessionem
2827 3381 2983 3459 siue
3038 3406 3197 3459 rem
3253 3379 3726 3460 immobilem
3777 3396 3920 3484 que
3977 3380 4071 3460 sit
4128 3382 4204 3460 in
4260 3382 4360 3460 iu-

1182 3542 1607 3639 risdictione
1665 3540 2114 3619 baennarum
2171 3537 2387 3616 alicui
2470 3564 2787 3641 persone
2865 3555 3210 3617 extranee
3268 3565 3397 3617 seu
3454 3536 3755 3618 liberate
3811 3566 3854 3618 a
3907 3536 4128 3619 fodro
4212 3537 4362 3651 sol·

1180 3700 1455 3780 nendo,
1514 3716 1732 3803 pacto
1788 3695 1910 3775 uel
1966 3695 2114 3776 alio
2172 3696 2433 3774 mod0.
2492 3695 2586 3774 Et
2643 3695 2702 3774 si
2760 3693 3292 3775 contrafactum
3351 3694 3567 3775 fuerit
3605 3695 3772 3798 talis
3808 3696 4147 3776 uenditio
4204 3698 4359 3777 siue

1181 3858 1530 3939 alienatio
1588 3856 1682 3936 sit
1737 3854 2012 3935 nullius
2067 3853 2365 3934 ualoriS.
2407 3854 2499 3933 Et
2538 3852 3071 3934 nichilominus
3108 3880 3424 3958 persona
3463 3854 3799 3934 uendens
3853 3854 3975 3934 uel
4030 3854 4362 3935 alienans

1185 4016 1459 4096 dictam
1514 4040 1699 4094 rem.
1760 4012 2003 4093 soluat
2059 4040 2195 4117 pro
2252 4038 2440 4116 pena
2498 4010 2787 4091 solidos
2839 4038 2936 4090 Lx
2991 4030 3322 4092 astenses
3405 4011 3625 4091 curie.
3684 4012 3777 4092 Et
3833 4011 4366 4092 nichilominus

1185 4174 1380 4255 dicta
1434 4200 1552 4253 res
1608 4170 1848 4251 taliter
1903 4169 2206 4250 uendita
2260 4168 2381 4250 uel
2437 4168 2774 4249 alienata.
2834 4169 3184 4275 aplicetur
3241 4189 3313 4249 et
3368 4171 3747 4275 perueniat
3799 4171 3994 4250 curie
4036 4173 4362 4250 ,baenna-

1184 4358 1350 4411 rum
1404 4329 1629 4436 pleno
1686 4331 1862 4408 iure.
1921 4329 2015 4407 Et
2070 4344 2401 4433 potestas
2455 4326 2722 4407 debeat
2760 4346 2833 4406 et
2870 4345 3204 4407 teneatur
3260 4327 3433 4406 inde
3491 4329 3853 4432 inquirere
3894 4328 4105 4407 omni
4162 4355 4361 4408 anno

1189 4487 1422 4569 semel
1476 4488 1569 4567 ad
1627 4489 1900 4566 minus.
1959 4505 2032 4565 et
2086 4484 2413 4590 quelibet
2467 4511 2783 4590 persona
2837 4486 3073 4590 possit
3130 4485 3301 4564 inde
3357 4511 3720 4564 accusare.

791 4900 889 4977 ²5
896 4925 940 5001 9
1168 4821 1575 5032 QJOD
1627 4902 2188 4988 MANUALES
2240 4903 2481 4988 NON
2514 4901 2951 4986 POSSINT
2984 4901 3112 4987 ST
3112 4901 3314 4985 ARE
3349 4902 3460 4983 IN
3497 4898 3994 5067 PLATHEA
4047 4896 4356 4980 POST-

1485 5061 1804 5163 QUAM
1855 5061 1973 5146 SE
2025 5038 2786 5147 LOCAUERINT
3549 5118 3850 5135 .,,..
4130 5106 4238 5128 ...-

1304 5280 1663 5486 QTEM
1719 5404 2075 5466 statutum
2133 5403 2245 5463 est
2302 5383 2504 5486 quod
2563 5381 2826 5487 aliquis
2881 5380 3245 5461 manualis
3299 5400 3698 5486 postquam
3755 5378 4110 5460 locauerit
4157 5367 4237 5460 se
4276 5378 4366 5458 ad

1188 5545 1673 5627 laborandum
1728 5544 1942 5624 alicui
1997 5543 2227 5624 alteri.
2287 5562 2491 5622 certo
2548 5542 2808 5622 loeri0.
2869 5568 3025 5621 non
3094 5544 3331 5646 possit
3386 5558 3646 5645 postea
3711 5538 3834 5619 illa
3906 5538 4027 5619 die
4110 5539 4363 5619 uenire
