<?xml version="1.0" encoding="UTF-8"?>
<!DOCTYPE html PUBLIC "-//W3C//DTD XHTML 1.0 Transitional//EN"
    "http://www.w3.org/TR/xhtml1/DTD/xhtml1-transitional.dtd">
<html xmlns="http://www.w3.org/1999/xhtml" xml:lang="en" lang="en">
 <head>
  <title>
</title>
<meta http-equiv="Content-Type" content="text/html;charset=utf-8" />
  <meta name='ocr-system' content='tesseract 3.04.00' />
  <meta name='ocr-capabilities' content='ocr_page ocr_carea ocr_par ocr_line ocrx_word'/>
</head>
<body>
  <div class='ocr_page' id='page_1' title='image "./capitulaetstatu00unkngoog_0140.png"; bbox 0 0 5117 6834; ppageno 0'>
   <div class='ocr_carea' id='block_1_1' title="bbox 737 1707 884 1790">
    <p class='ocr_par' dir='ltr' id='par_1_1' title="bbox 737 1707 884 1790">
     <span class='ocr_line' id='line_1_1' title="bbox 737 1707 884 1790; baseline 0.034 -5"><span class='ocrx_word' id='word_1_1' title='bbox 737 1707 884 1790; x_wconf 83' lang='lat'><strong>243</strong></span> 
     </span>
    </p>
   </div>
   <div class='ocr_carea' id='block_1_2' title="bbox 1127 611 4314 1377">
    <p class='ocr_par' dir='ltr' id='par_1_2' title="bbox 1127 611 4314 1377">
     <span class='ocr_line' id='line_1_2' title="bbox 1136 611 4314 748; baseline 0.002 -32"><span class='ocrx_word' id='word_1_2' title='bbox 1136 636 1309 717; x_wconf 92' lang='lat' dir='ltr'><strong>inde</strong></span> <span class='ocrx_word' id='word_1_3' title='bbox 1365 635 1806 717; x_wconf 88' lang='lat' dir='ltr'><strong>deffenderit</strong></span> <span class='ocrx_word' id='word_1_4' title='bbox 1863 656 1937 717; x_wconf 88' lang='lat' dir='ltr'><strong>et</strong></span> <span class='ocrx_word' id='word_1_5' title='bbox 1991 639 2263 718; x_wconf 88' lang='lat' dir='ltr'><strong>iustam</strong></span> <span class='ocrx_word' id='word_1_6' title='bbox 2319 637 2865 721; x_wconf 85' lang='lat' dir='ltr'><strong>deffensionem</strong></span> <span class='ocrx_word' id='word_1_7' title='bbox 2947 611 3199 721; x_wconf 72' lang='lat' dir='ltr'><strong>fecerit</strong></span> <span class='ocrx_word' id='word_1_8' title='bbox 3253 642 3356 722; x_wconf 82' lang='lat' dir='ltr'><strong>ita</strong></span> <span class='ocrx_word' id='word_1_9' title='bbox 3411 641 3616 748; x_wconf 92' lang='lat' dir='ltr'><strong>quod</strong></span> <span class='ocrx_word' id='word_1_10' title='bbox 3697 642 4146 724; x_wconf 88' lang='lat' dir='ltr'><strong>absoluatur.</strong></span> <span class='ocrx_word' id='word_1_11' title='bbox 4201 671 4314 723; x_wconf 92' lang='lat' dir='ltr'><strong>ac-</strong></span> 
     </span>
     <span class='ocr_line' id='line_1_3' title="bbox 1132 795 4311 905; baseline 0.003 -33"><span class='ocrx_word' id='word_1_12' title='bbox 1132 820 1397 874; x_wconf 89' lang='lat' dir='ltr'><strong>cusans</strong></span> <span class='ocrx_word' id='word_1_13' title='bbox 1475 813 1812 875; x_wconf 87' lang='lat' dir='ltr'><strong>teneatur</strong></span> <span class='ocrx_word' id='word_1_14' title='bbox 1895 815 1970 875; x_wconf 91' lang='lat' dir='ltr'><strong>et</strong></span> <span class='ocrx_word' id='word_1_15' title='bbox 2050 795 2316 876; x_wconf 87' lang='lat' dir='ltr'><strong>debeat</strong></span> <span class='ocrx_word' id='word_1_16' title='bbox 2395 798 2780 877; x_wconf 85' lang='lat' dir='ltr'><strong>restituere</strong></span> <span class='ocrx_word' id='word_1_17' title='bbox 2862 799 3358 879; x_wconf 87' lang='lat' dir='ltr'><strong>incontinenti</strong></span> <span class='ocrx_word' id='word_1_18' title='bbox 3412 798 3520 879; x_wconf 91' lang='lat' dir='ltr'><strong>illi</strong></span> <span class='ocrx_word' id='word_1_19' title='bbox 3573 826 3892 905; x_wconf 89' lang='lat' dir='ltr'><strong>persone</strong></span> <span class='ocrx_word' id='word_1_20' title='bbox 3974 817 4311 882; x_wconf 86' lang='lat' dir='ltr'><strong>accusate</strong></span> 
     </span>
     <span class='ocr_line' id='line_1_4' title="bbox 1130 953 4311 1060; baseline 0.002 -28"><span class='ocrx_word' id='word_1_21' title='bbox 1130 978 1401 1032; x_wconf 93' lang='lat' dir='ltr'><strong>omnes</strong></span> <span class='ocrx_word' id='word_1_22' title='bbox 1457 978 1816 1058; x_wconf 87' lang='lat' dir='ltr'><strong>expensas</strong></span> <span class='ocrx_word' id='word_1_23' title='bbox 1869 980 2050 1058; x_wconf 89' lang='lat' dir='ltr'><strong>quas</strong></span> <span class='ocrx_word' id='word_1_24' title='bbox 2105 953 2278 1034; x_wconf 91' lang='lat' dir='ltr'><strong>inde</strong></span> <span class='ocrx_word' id='word_1_25' title='bbox 2332 981 2469 1060; x_wconf 92' lang='lat' dir='ltr'><strong>pro</strong></span> <span class='ocrx_word' id='word_1_26' title='bbox 2524 953 2988 1036; x_wconf 89' lang='lat' dir='ltr'><strong>deffensione</strong></span> <span class='ocrx_word' id='word_1_27' title='bbox 3070 954 3268 1036; x_wconf 91' lang='lat' dir='ltr'><strong>illius</strong></span> <span class='ocrx_word' id='word_1_28' title='bbox 3347 983 3608 1037; x_wconf 88' lang='lat' dir='ltr'><strong>accuse</strong></span> <span class='ocrx_word' id='word_1_29' title='bbox 3681 957 4028 1038; x_wconf 88' lang='lat' dir='ltr'><strong>iurauerit</strong></span> <span class='ocrx_word' id='word_1_30' title='bbox 4083 984 4162 1039; x_wconf 90' lang='lat' dir='ltr'><strong>se</strong></span> <span class='ocrx_word' id='word_1_31' title='bbox 4215 959 4311 1039; x_wconf 76' lang='lat' dir='ltr'><strong>ie·</strong></span> 
     </span>
     <span class='ocr_line' id='line_1_5' title="bbox 1129 1108 4305 1219; baseline 0.002 -30"><span class='ocrx_word' id='word_1_32' title='bbox 1129 1109 1318 1190; x_wconf 89' lang='lat' dir='ltr'><strong>cisse</strong></span> <span class='ocrx_word' id='word_1_33' title='bbox 1371 1108 1561 1190; x_wconf 85' lang='lat' dir='ltr'><strong>facta</strong></span> <span class='ocrx_word' id='word_1_34' title='bbox 1613 1110 1990 1191; x_wconf 86' lang='lat' dir='ltr'><strong>taxatione</strong></span> <span class='ocrx_word' id='word_1_35' title='bbox 2046 1112 2319 1192; x_wconf 88' lang='lat' dir='ltr'><strong>idonea</strong></span> <span class='ocrx_word' id='word_1_36' title='bbox 2369 1138 2498 1217; x_wconf 91' lang='lat' dir='ltr'><strong>per</strong></span> <span class='ocrx_word' id='word_1_37' title='bbox 2550 1130 3004 1217; x_wconf 88' lang='lat' dir='ltr'><strong>potestatem</strong></span> <span class='ocrx_word' id='word_1_38' title='bbox 3042 1113 3199 1194; x_wconf 89' lang='lat' dir='ltr'><strong>siue</strong></span> <span class='ocrx_word' id='word_1_39' title='bbox 3235 1140 3365 1219; x_wconf 88' lang='lat' dir='ltr'><strong>per</strong></span> <span class='ocrx_word' id='word_1_40' title='bbox 3403 1113 3563 1194; x_wconf 90' lang='lat' dir='ltr'><strong>eius</strong></span> <span class='ocrx_word' id='word_1_41' title='bbox 3599 1112 3852 1195; x_wconf 94' lang='lat' dir='ltr'><strong>locum</strong></span> <span class='ocrx_word' id='word_1_42' title='bbox 3898 1134 4305 1197; x_wconf 88' lang='lat' dir='ltr'><strong>tenentem.</strong></span> 
     </span>
     <span class='ocr_line' id='line_1_6' title="bbox 1127 1267 3525 1377; baseline 0.002 -30"><span class='ocrx_word' id='word_1_43' title='bbox 1127 1267 1222 1347; x_wconf 86' lang='lat' dir='ltr'><strong>Et</strong></span> <span class='ocrx_word' id='word_1_44' title='bbox 1275 1267 1421 1348; x_wconf 95' lang='lat' dir='ltr'><strong>hoc</strong></span> <span class='ocrx_word' id='word_1_45' title='bbox 1478 1268 1934 1373; x_wconf 86' lang='lat' dir='ltr'><strong>intelligatur</strong></span> <span class='ocrx_word' id='word_1_46' title='bbox 1989 1269 2051 1349; x_wconf 88' lang='lat' dir='ltr'><strong>si</strong></span> <span class='ocrx_word' id='word_1_47' title='bbox 2106 1268 2304 1350; x_wconf 89' lang='lat' dir='ltr'><strong>dicta</strong></span> <span class='ocrx_word' id='word_1_48' title='bbox 2357 1297 2619 1350; x_wconf 87' lang='lat' dir='ltr'><strong>accusa</strong></span> <span class='ocrx_word' id='word_1_49' title='bbox 2672 1271 3179 1377; x_wconf 85' lang='lat' dir='ltr'><strong>reprobabitur</strong></span> <span class='ocrx_word' id='word_1_50' title='bbox 3233 1271 3525 1352; x_wconf 90' lang='lat' dir='ltr'><strong>iniusta.</strong></span> 
     </span>
    </p>
   </div>
   <div class='ocr_carea' id='block_1_3' title="bbox 1114 1618 2144 1783">
    <p class='ocr_par' dir='ltr' id='par_1_3' title="bbox 1114 1618 2144 1783">
     <span class='ocr_line' id='line_1_7' title="bbox 1114 1618 2144 1783; baseline -0.002 -1"><span class='ocrx_word' id='word_1_51' title='bbox 1114 1618 1336 1782; x_wconf 76' lang='lat' dir='ltr'><strong>DE</strong></span> <span class='ocrx_word' id='word_1_52' title='bbox 1390 1698 1932 1783; x_wconf 82' lang='lat' dir='ltr'><strong>FERRARIIS.</strong></span> <span class='ocrx_word' id='word_1_53' title='bbox 2139 1631 2144 1636; x_wconf 32' lang='lat'><strong>⁴</strong></span> 
     </span>
    </p>
   </div>
   <div class='ocr_carea' id='block_1_4' title="bbox 1114 1915 4311 3216">
    <p class='ocr_par' dir='ltr' id='par_1_4' title="bbox 1114 1915 4311 3216">
     <span class='ocr_line' id='line_1_8' title="bbox 1239 1915 4303 2118; baseline 0.001 -36"><span class='ocrx_word' id='word_1_54' title='bbox 1239 1915 1427 2118; x_wconf 50' lang='lat' dir='ltr'><em>Q</em></span> <span class='ocrx_word' id='word_1_55' title='bbox 1444 2028 1602 2083; x_wconf 85' lang='lat' dir='ltr'><strong>TEM</strong></span> <span class='ocrx_word' id='word_1_56' title='bbox 1656 2020 2015 2082; x_wconf 89' lang='lat' dir='ltr'><strong>statutum</strong></span> <span class='ocrx_word' id='word_1_57' title='bbox 2072 2022 2184 2084; x_wconf 88' lang='lat' dir='ltr'><strong>est</strong></span> <span class='ocrx_word' id='word_1_58' title='bbox 2238 2004 2440 2109; x_wconf 90' lang='lat' dir='ltr'><strong>quod</strong></span> <span class='ocrx_word' id='word_1_59' title='bbox 2497 2004 2836 2086; x_wconf 87' lang='lat' dir='ltr'><strong>ferrarius</strong></span> <span class='ocrx_word' id='word_1_60' title='bbox 2887 2006 3341 2086; x_wconf 86' lang='lat' dir='ltr'><strong>baennarum</strong></span> <span class='ocrx_word' id='word_1_61' title='bbox 3394 2023 3732 2086; x_wconf 88' lang='lat' dir='ltr'><strong>teneatur</strong></span> <span class='ocrx_word' id='word_1_62' title='bbox 3786 2004 4021 2087; x_wconf 90' lang='lat' dir='ltr'><strong>facere</strong></span> <span class='ocrx_word' id='word_1_63' title='bbox 4059 2025 4134 2086; x_wconf 88' lang='lat' dir='ltr'><strong>et</strong></span> <span class='ocrx_word' id='word_1_64' title='bbox 4179 2005 4303 2087; x_wconf 90' lang='lat' dir='ltr'><strong>de-</strong></span> 
     </span>
     <span class='ocr_line' id='line_1_9' title="bbox 1122 2159 4301 2269; baseline 0.001 -29"><span class='ocrx_word' id='word_1_65' title='bbox 1122 2159 1293 2240; x_wconf 90' lang='lat' dir='ltr'><strong>beat</strong></span> <span class='ocrx_word' id='word_1_66' title='bbox 1347 2159 1646 2241; x_wconf 88' lang='lat' dir='ltr'><strong>cuilibet</strong></span> <span class='ocrx_word' id='word_1_67' title='bbox 1699 2160 1986 2242; x_wconf 88' lang='lat' dir='ltr'><strong>uolenti</strong></span> <span class='ocrx_word' id='word_1_68' title='bbox 2039 2180 2158 2242; x_wconf 92' lang='lat' dir='ltr'><strong>tot</strong></span> <span class='ocrx_word' id='word_1_69' title='bbox 2209 2188 2419 2267; x_wconf 88' lang='lat' dir='ltr'><strong>sapas</strong></span> <span class='ocrx_word' id='word_1_70' title='bbox 2473 2161 2609 2269; x_wconf 83' lang='lat'><strong>(5)</strong></span> <span class='ocrx_word' id='word_1_71' title='bbox 2664 2183 2850 2269; x_wconf 88' lang='lat' dir='ltr'><strong>quot</strong></span> <span class='ocrx_word' id='word_1_72' title='bbox 2904 2163 2972 2243; x_wconf 93' lang='lat' dir='ltr'><strong>ei</strong></span> <span class='ocrx_word' id='word_1_73' title='bbox 3027 2164 3479 2244; x_wconf 85' lang='lat' dir='ltr'><strong>neccessaria</strong></span> <span class='ocrx_word' id='word_1_74' title='bbox 3549 2163 3818 2244; x_wconf 90' lang='lat' dir='ltr'><strong>fuerint</strong></span> <span class='ocrx_word' id='word_1_75' title='bbox 3873 2191 4012 2269; x_wconf 92' lang='lat' dir='ltr'><strong>pro</strong></span> <span class='ocrx_word' id='word_1_76' title='bbox 4076 2162 4301 2244; x_wconf 89' lang='lat' dir='ltr'><strong>dena-</strong></span> 
     </span>
     <span class='ocr_line' id='line_1_10' title="bbox 1118 2319 4302 2428; baseline 0.001 -30"><span class='ocrx_word' id='word_1_77' title='bbox 1118 2319 1249 2399; x_wconf 89' lang='lat' dir='ltr'><strong>riis</strong></span> <span class='ocrx_word' id='word_1_78' title='bbox 1303 2347 1431 2400; x_wconf 82' lang='lat' dir='ltr'><strong>xvr</strong></span> <span class='ocrx_word' id='word_1_79' title='bbox 1483 2346 1621 2424; x_wconf 92' lang='lat' dir='ltr'><strong>pro</strong></span> <span class='ocrx_word' id='word_1_80' title='bbox 1677 2319 2002 2426; x_wconf 89' lang='lat' dir='ltr'><strong>qualibet</strong></span> <span class='ocrx_word' id='word_1_81' title='bbox 2057 2347 2253 2425; x_wconf 89' lang='lat' dir='ltr'><strong>sapa.</strong></span> <span class='ocrx_word' id='word_1_82' title='bbox 2311 2322 2503 2401; x_wconf 88' lang='lat' dir='ltr'><strong>Item</strong></span> <span class='ocrx_word' id='word_1_83' title='bbox 2555 2340 2829 2402; x_wconf 89' lang='lat' dir='ltr'><strong>testam</strong></span> <span class='ocrx_word' id='word_1_84' title='bbox 2884 2348 3057 2427; x_wconf 88' lang='lat' dir='ltr'><strong>sape</strong></span> <span class='ocrx_word' id='word_1_85' title='bbox 3110 2349 3247 2428; x_wconf 92' lang='lat' dir='ltr'><strong>pro</strong></span> <span class='ocrx_word' id='word_1_86' title='bbox 3304 2321 3624 2403; x_wconf 90' lang='lat' dir='ltr'><strong>denariis</strong></span> <span class='ocrx_word' id='word_1_87' title='bbox 3676 2348 3804 2403; x_wconf 86' lang='lat'>1111.</span> <span class='ocrx_word' id='word_1_88' title='bbox 3889 2339 3965 2402; x_wconf 89' lang='lat' dir='ltr'><strong>et</strong></span> <span class='ocrx_word' id='word_1_89' title='bbox 4027 2322 4302 2403; x_wconf 90' lang='lat' dir='ltr'><strong>securis</strong></span> 
     </span>
     <span class='ocr_line' id='line_1_11' title="bbox 1117 2476 4303 2603; baseline 0.001 -45"><span class='ocrx_word' id='word_1_90' title='bbox 1117 2505 1254 2586; x_wconf 93' lang='lat' dir='ltr'><strong>pro</strong></span> <span class='ocrx_word' id='word_1_91' title='bbox 1310 2478 1631 2559; x_wconf 88' lang='lat' dir='ltr'><strong>denariis</strong></span> <span class='ocrx_word' id='word_1_92' title='bbox 1683 2505 1783 2558; x_wconf 80' lang='lat' dir='ltr'><strong>vl.</strong></span> <span class='ocrx_word' id='word_1_93' title='bbox 1847 2478 1942 2558; x_wconf 86' lang='lat' dir='ltr'><strong>Et</strong></span> <span class='ocrx_word' id='word_1_94' title='bbox 1997 2477 2090 2558; x_wconf 88' lang='lat' dir='ltr'><strong>de</strong></span> <span class='ocrx_word' id='word_1_95' title='bbox 2145 2477 2309 2559; x_wconf 88' lang='lat' dir='ltr'><strong>aliis</strong></span> <span class='ocrx_word' id='word_1_96' title='bbox 2363 2476 2823 2560; x_wconf 87' lang='lat' dir='ltr'><strong>ferramentis</strong></span> <span class='ocrx_word' id='word_1_97' title='bbox 2877 2478 3286 2603; x_wconf 86' lang='lat' dir='ltr'><strong>secundum</strong></span> <span class='ocrx_word' id='word_1_98' title='bbox 3324 2478 3527 2584; x_wconf 93' lang='lat' dir='ltr'><strong>quod</strong></span> <span class='ocrx_word' id='word_1_99' title='bbox 3592 2483 3788 2559; x_wconf 70' lang='lat' dir='ltr'><strong>mox‘</strong></span> <span class='ocrx_word' id='word_1_100' title='bbox 3828 2497 3964 2583; x_wconf 84' lang='lat' dir='ltr'><strong>est.</strong></span> <span class='ocrx_word' id='word_1_101' title='bbox 4039 2498 4115 2560; x_wconf 94' lang='lat' dir='ltr'><strong>et</strong></span> <span class='ocrx_word' id='word_1_102' title='bbox 4167 2479 4303 2560; x_wconf 88' lang='lat' dir='ltr'><strong>fer-</strong></span> 
     </span>
     <span class='ocr_line' id='line_1_12' title="bbox 1114 2628 4299 2756; baseline -0.001 -37"><span class='ocrx_word' id='word_1_103' title='bbox 1114 2639 1347 2719; x_wconf 87' lang='lat' dir='ltr'><strong>rarius</strong></span> <span class='ocrx_word' id='word_1_104' title='bbox 1401 2638 1528 2742; x_wconf 92' lang='lat' dir='ltr'><strong>qui</strong></span> <span class='ocrx_word' id='word_1_105' title='bbox 1582 2635 2096 2717; x_wconf 88' lang='lat' dir='ltr'><strong>contrafecerit</strong></span> <span class='ocrx_word' id='word_1_106' title='bbox 2178 2636 2423 2716; x_wconf 91' lang='lat' dir='ltr'><strong>soluat</strong></span> <span class='ocrx_word' id='word_1_107' title='bbox 2503 2663 2640 2741; x_wconf 94' lang='lat' dir='ltr'><strong>pro</strong></span> <span class='ocrx_word' id='word_1_108' title='bbox 2724 2628 3050 2741; x_wconf 89' lang='lat' dir='ltr'><strong>qualibet</strong></span> <span class='ocrx_word' id='word_1_109' title='bbox 3120 2637 3283 2717; x_wconf 93' lang='lat' dir='ltr'><strong>uice</strong></span> <span class='ocrx_word' id='word_1_110' title='bbox 3340 2637 3629 2718; x_wconf 91' lang='lat' dir='ltr'><strong>solidos</strong></span> <span class='ocrx_word' id='word_1_111' title='bbox 3681 2664 3780 2718; x_wconf 88' lang='lat' dir='ltr'><strong>m.</strong></span> <span class='ocrx_word' id='word_1_112' title='bbox 3816 2654 3917 2756; x_wconf 11' lang='lat' dir='ltr'><strong>‘et</strong></span> <span class='ocrx_word' id='word_1_113' title='bbox 3970 2636 4299 2742; x_wconf 89' lang='lat' dir='ltr'><strong>quelibet</strong></span> 
     </span>
     <span class='ocr_line' id='line_1_13' title="bbox 1114 2793 4311 2912; baseline -0.001 -36"><span class='ocrx_word' id='word_1_114' title='bbox 1114 2822 1431 2903; x_wconf 89' lang='lat' dir='ltr'><strong>persona</strong></span> <span class='ocrx_word' id='word_1_115' title='bbox 1485 2795 1724 2900; x_wconf 91' lang='lat' dir='ltr'><strong>possit</strong></span> <span class='ocrx_word' id='word_1_116' title='bbox 1777 2794 1951 2875; x_wconf 88' lang='lat' dir='ltr'><strong>inde</strong></span> <span class='ocrx_word' id='word_1_117' title='bbox 2007 2821 2344 2875; x_wconf 88' lang='lat' dir='ltr'><strong>accusare</strong></span> <span class='ocrx_word' id='word_1_118' title='bbox 2404 2811 2477 2873; x_wconf 92' lang='lat' dir='ltr'><strong>et</strong></span> <span class='ocrx_word' id='word_1_119' title='bbox 2532 2794 2601 2873; x_wconf 95' lang='lat' dir='ltr'><strong>ei</strong></span> <span class='ocrx_word' id='word_1_120' title='bbox 2657 2793 3077 2876; x_wconf 89' lang='lat' dir='ltr'><strong>iuramento</strong></span> <span class='ocrx_word' id='word_1_121' title='bbox 3134 2794 3490 2875; x_wconf 88' lang='lat' dir='ltr'><strong>credatur.</strong></span> <span class='ocrx_word' id='word_1_122' title='bbox 3550 2812 3625 2874; x_wconf 94' lang='lat' dir='ltr'><strong>et</strong></span> <span class='ocrx_word' id='word_1_123' title='bbox 3680 2793 3907 2874; x_wconf 89' lang='lat' dir='ltr'><strong>etiam</strong></span> <span class='ocrx_word' id='word_1_124' title='bbox 3960 2810 4311 2912; x_wconf 5' lang='lat' dir='ltr'><strong>potestas*</strong></span> 
     </span>
     <span class='ocr_line' id='line_1_14' title="bbox 1114 2948 4298 3060; baseline -0.001 -27"><span class='ocrx_word' id='word_1_125' title='bbox 1114 2953 1356 3060; x_wconf 88' lang='lat' dir='ltr'><strong>possit</strong></span> <span class='ocrx_word' id='word_1_126' title='bbox 1410 2951 1584 3033; x_wconf 90' lang='lat' dir='ltr'><strong>inde</strong></span> <span class='ocrx_word' id='word_1_127' title='bbox 1639 2953 2031 3058; x_wconf 90' lang='lat' dir='ltr'><strong>inquirere.</strong></span> <span class='ocrx_word' id='word_1_128' title='bbox 2090 2971 2164 3033; x_wconf 88' lang='lat' dir='ltr'><strong>et</strong></span> <span class='ocrx_word' id='word_1_129' title='bbox 2219 2954 2281 3034; x_wconf 92' lang='lat' dir='ltr'><strong>si</strong></span> <span class='ocrx_word' id='word_1_130' title='bbox 2336 2980 2479 3059; x_wconf 87' lang='lat' dir='ltr'><strong>qua</strong></span> <span class='ocrx_word' id='word_1_131' title='bbox 2532 2978 2851 3058; x_wconf 87' lang='lat' dir='ltr'><strong>persona</strong></span> <span class='ocrx_word' id='word_1_132' title='bbox 2906 2951 3325 3032; x_wconf 90' lang='lat' dir='ltr'><strong>comisserit</strong></span> <span class='ocrx_word' id='word_1_133' title='bbox 3405 2950 3728 3057; x_wconf 88' lang='lat' dir='ltr'><strong>aliquam</strong></span> <span class='ocrx_word' id='word_1_134' title='bbox 3790 2948 4127 3033; x_wconf 76' lang='lat' dir='ltr'><strong>fraudem</strong></span> <span class='ocrx_word' id='word_1_135' title='bbox 4199 2949 4298 3030; x_wconf 89' lang='lat' dir='ltr'><strong>fa-</strong></span> 
     </span>
     <span class='ocr_line' id='line_1_15' title="bbox 1115 3108 4114 3216; baseline -0 -26"><span class='ocrx_word' id='word_1_136' title='bbox 1115 3110 1383 3192; x_wconf 90' lang='lat' dir='ltr'><strong>ciendo</strong></span> <span class='ocrx_word' id='word_1_137' title='bbox 1439 3109 1627 3192; x_wconf 90' lang='lat' dir='ltr'><strong>ultra</strong></span> <span class='ocrx_word' id='word_1_138' title='bbox 1680 3138 1905 3216; x_wconf 93' lang='lat' dir='ltr'><strong>quam</strong></span> <span class='ocrx_word' id='word_1_139' title='bbox 1963 3112 2031 3192; x_wconf 89' lang='lat' dir='ltr'><strong>ei</strong></span> <span class='ocrx_word' id='word_1_140' title='bbox 2086 3109 2303 3191; x_wconf 90' lang='lat' dir='ltr'><strong>fuerit</strong></span> <span class='ocrx_word' id='word_1_141' title='bbox 2355 3111 2895 3192; x_wconf 88' lang='lat' dir='ltr'><strong>neccessarium</strong></span> <span class='ocrx_word' id='word_1_142' title='bbox 2950 3108 3294 3190; x_wconf 90' lang='lat' dir='ltr'><strong>eamdem</strong></span> <span class='ocrx_word' id='word_1_143' title='bbox 3347 3134 3619 3214; x_wconf 89' lang='lat' dir='ltr'><strong>penam</strong></span> <span class='ocrx_word' id='word_1_144' title='bbox 3685 3109 4114 3191; x_wconf 88' lang='lat' dir='ltr'><strong>substineat.</strong></span> 
     </span>
    </p>
   </div>
   <div class='ocr_carea' id='block_1_5' title="bbox 2134 4078 3204 4884">
    <p class='ocr_par' dir='ltr' id='par_1_5' title="bbox 2134 4078 3204 4884">
     <span class='ocr_line' id='line_1_16' title="bbox 2134 4078 3204 4884; baseline 0 1950"><span class='ocrx_word' id='word_1_145' title='bbox 2134 4078 3204 4884; x_wconf 95' lang='lat' dir='ltr'><strong> </strong></span> 
     </span>
    </p>
   </div>
  </div>
 </body>
</html>
