5117 6834
2294 227 2423 295 IIII

763 511 836 609 f·
1022 566 1155 614 xm.
1226 498 1377 660 De
1424 549 1798 616 excussione
1844 546 2185 614 bonorum.

761 757 833 855 f·
999 811 1152 859 xvn.
1230 745 1381 905 De
1429 793 1694 863 muliere
1742 815 1778 857 a
1822 809 1995 879 patre
2040 790 2271 857 dotata.

1223 986 1501 1168 Quod
1547 1054 1823 1104 mercata
1868 1035 2194 1124 palmitata
2237 1032 2654 1101 attendantur.

759 1248 834 1346 f·
970 1301 1149 1349 xvm.
1372 1284 1504 1353 uod
1550 1284 1758 1352 nullus
1804 1282 2008 1351 homo
2059 1283 2442 1351 baennarum
2490 1282 2692 1370 possit
2736 1303 2873 1348 esse
2904 1297 3276 1369 procurator
3312 1298 3604 1347 extranee
3637 1300 3924 1367 persone.

1229 1478 1505 1655 Quod
1550 1529 1821 1619 capitula
1866 1528 2296 1618 intelligantur
2342 1527 2532 1594 saluis
2579 1525 2820 1594 iuribus
2866 1525 3118 1593 domini
3161 1526 3463 1613 episcopi.

754 1734 829 1832 f·
945 1789 1147 1837 xvlm.
1226 1724 1502 1893 Qod
1570 1778 2033 1844 constituantur
2097 1777 2207 1863 qui
2270 1771 2694 1862 respondeant
2759 1774 2826 1839 in
2893 1770 3155 1839 baennis
3199 1792 3318 1860 pro
3373 1788 3477 1836 ext
3488 1770 3695 1837 raneis
3741 1790 3928 1858 super

1574 1943 1773 2010 taleiS.

1227 2130 1377 2286 De
1423 2182 1703 2248 termino
1749 2180 1817 2246 in
1865 2200 2057 2267 quem
2104 2176 2583 2266 procedendum
2627 2192 2723 2244 est
2748 2194 2914 2274 'post
2957 2178 3380 2244 saximentum
3432 2174 3688 2241 factum.

752 2380 826 2478 f·
970 2436 1144 2484 xxm.
1227 2378 1377 2529 De
1421 2427 1712 2516 personis
1758 2446 1880 2512 que
1927 2422 2157 2490 debent
2203 2422 2350 2489 dare
2395 2443 2513 2510 pro
2558 2423 2766 2511 pretio
2812 2419 3074 2487 alicuius
3120 2421 3213 2487 rei
3256 2418 3375 2486 alie
3421 2440 3709 2506 persone.

752 2624 820 2722 f.
876 2679 1139 2728 xxxvm.
1226 2619 1377 2776 De
1425 2613 1795 2757 expulsione
1844 2666 2283 2755 possessionis.

751 2866 825 2965 f·
904 2922 1147 2971 XLVIIII·
1230 2864 1383 3016 De
1428 2915 1720 3003 personis
1767 2913 2076 2980 extraneis
2123 2910 2270 2977 dare
2318 2908 2692 2978 debentibus
2738 2909 2925 2977 alicui
2970 2909 3048 2977 de
3095 2908 3373 2977 baennis.

748 3111 822 3209 f·
1084 3167 1142 3214 1..
1229 3108 1380 3260 De
1424 3181 1698 3249 persona
1753 3157 2215 3250 condempnata
2262 3179 2385 3244 que
2430 3157 2636 3245 possit
2680 3155 3012 3244 appellare.

751 3354 825 3453 f·
1041 3412 1146 3460 LII·
1229 3352 1379 3505 De
1425 3405 1715 3492 personis
1761 3403 2166 3491 interrogatis
2210 3404 2275 3469 in
2324 3402 2462 3468 iure
2508 3400 2589 3468 ad
2633 3401 3003 3468 instantiam
3049 3400 3321 3468 alterius.

1228 3598 1380 3755 De
1426 3646 1922 3715 interlocutoriis
1970 3647 2294 3735 appositis.

1225 3844 1377 4001 De
1423 3895 1629 3960 citatis
1675 3915 1788 3980 per
1833 3892 2103 3959 nuncios
2150 3893 2446 3959 comunis
2492 3889 2910 3979 personaliter
2954 3890 3056 3957 uel
3100 3912 3214 3979 per
3258 3890 3467 3958 literas
3512 3891 3860 3978 potestatis,

750 4094 824 4191 f.
988 4151 1140 4197 1,1111.
1223 4087 1377 4244 De
1421 4139 1733 4227 preceptis
1779 4137 1959 4204 factis
2006 4158 2117 4225 per
2163 4122 2542 4224 potestatem
2590 4135 2669 4202 ad
2713 4136 3078 4203 instantiam
3143 4134 3404 4203 alicuius
3450 4158 3743 4225 persone.

1214 4330 1494 4501 Qod
1541 4382 1891 4451 habitantes
1939 4365 2327 4449 baennarum
2372 4403 2503 4448 non
2547 4383 2801 4469 possint
2847 4403 3140 4448 accusare
3186 4380 3424 4471 aliquas
3470 4404 3774 4471 personas
3821 4382 3923 4450 uel

1468 4548 1699 4616 bestias
1746 4548 1872 4615 nisi
1916 4549 1983 4615 in
2030 4546 2307 4614 baennis.

747 4735 820 4832 f·
1014 4793 1139 4838 LVI·
1220 4733 1494 4905 Quod
1539 4784 1745 4873 aliqua
1793 4805 2066 4871 persona
2131 4783 2211 4849 de
2279 4781 2539 4850 baennis
2606 4806 2740 4851 non
2807 4805 2875 4850 se
2944 4782 3181 4871 obliget
3226 4805 3343 4872 pro
3389 4784 3596 4873 aliqua
3650 4805 3922 4872 persona

1447 4969 1760 5018 extranea.

745 5144 818 5243 f.
984 5201 1136 5249 Lvn.
1219 5133 1494 5304 Quod
1538 5186 1705 5253 filius
1754 5185 2026 5253 familias
2073 5206 2206 5253 non
2250 5187 2454 5275 possit
2500 5208 2569 5253 se
2617 5184 2899 5276 obligare
2945 5187 3013 5253 in
3059 5185 3261 5275 aliqua
3307 5185 3584 5254 taberna.

744 5388 818 5487 f·
1030 5445 1135 5493 Lx.
1219 5381 1373 5539 De
1417 5454 1552 5501 non
1597 5429 1949 5499 iurantibus
1996 5430 2065 5497 in
2111 5429 2424 5519 aliquibus
2470 5434 2812 5499 contractis
2859 5434 3453 5500 instrumentorum.

1211 5651 1257 5691 41-
