5117 6834
788 1524 925 1602 193

790 3684 937 3763 194

1177 618 1416 680 sortes
1471 600 1547 679 in
1620 597 1984 703 aliquibus
2048 594 2651 702 possessionibus
2717 621 2846 701 per
2900 620 3164 693 unum,
3208 593 3481 699 pedem
3550 593 4143 699 circumquaque.
4230 594 4366 672 sub

1173 783 1364 863 pena
1393 776 1466 837 et
1494 757 1742 837 banno
1774 755 2190 836 solidorum
2218 780 2270 834 v
2298 753 2434 862 (3)
2470 780 2607 859 pro
2637 751 2963 859 qualibet
2990 778 3309 858 persona
3350 770 3424 831 et
3462 749 3788 857 qualibet
3823 751 4012 831 uice.
4052 751 4147 831 Et
4194 777 4371 832 con-

1176 933 1414 995 sortes
1469 933 1542 993 et
1598 913 1907 1019 quilibet
1962 914 2296 1019 ipsorum
2350 912 2592 1018 possit
2647 909 3304 991 contrafacientem
3341 936 3683 990 accusare
3739 908 3833 989 de
3887 909 4239 1015 predictis
4295 927 4368 990 et
4450 884 4455 890 ’

1175 1073 1631 1153 accusationi
1689 1098 1819 1152 sue
1875 1073 2297 1154 iuramento
2353 1085 2662 1154 credatur.

1177 1403 1418 1563 AD
1473 1476 1756 1575 QUAS
1809 1475 2110 1557 PESAS
2167 1473 2514 1559 PESARI
2568 1465 2998 1556 DEBEAT.

1328 1736 1383 1781 ῆς,
1406 1740 1425 1781 ·,

1314 1749 1651 1907 {51er
1706 1826 2063 1887 statutum
2094 1825 2205 1886 est
2243 1806 2448 1911 quod
2485 1805 2726 1910 aliqua
2763 1831 3080 1910 persona
3116 1832 3274 1885 non
3310 1805 3549 1910 possit
3602 1831 3857 1909 pesare
3913 1802 4032 1883 uel
4088 1803 4369 1909 ponde·

1176 1993 1332 2047 rare
1389 1965 1711 2071 aliquam
1766 1992 1924 2045 rem
1982 1964 2071 2044 ab
2128 1992 2273 2044 una
2329 1963 2510 2044 libra
2566 1961 2749 2043 infra
2804 1964 2896 2043 ad
2953 1962 3278 2069 aliquam
3344 1988 3602 2068 pesam
3675 1962 3817 2042 nisi
3873 1961 3967 2042 ad
4021 1989 4237 2067 pesas
4293 1981 4368 2041 et

1175 2151 1432 2230 pesam
1487 2122 1835 2227 boglotij.
1894 2141 1968 2202 et
2024 2121 2350 2228 quelibet
2409 2148 2730 2228 persona
2785 2148 2928 2227 que
2983 2140 3243 2201 contra
3310 2121 3562 2201 iecerit
3632 2120 3877 2201 soluat
3948 2148 4086 2225 pro
4148 2146 4365 2226 pena.

1174 2310 1312 2387 pro
1368 2281 1694 2387 qualibet
1748 2282 1911 2360 uice
1942 2279 2257 2371 ‚solidos
2311 2308 2386 2362 111
2445 2299 2518 2360 et
2575 2279 2900 2385 quelibet
2983 2306 3299 2384 persona
3371 2280 3611 2384 possit
3666 2279 3839 2360 inde
3894 2306 4236 2359 accusare
4294 2269 4368 2358 et

1175 2443 1242 2520 ei
1301 2441 1720 2519 iuramento
1776 2439 2131 2518 credatur.
2174 2456 2247 2518 et
2283 2438 2548 2517 habeat
2585 2439 2881 2518 tertiam
2925 2455 3211 2543 partem
3270 2438 3516 2517 banni.
3556 2437 3702 2517 hoc
3741 2455 3995 2517 tamen
4052 2454 4367 2542 excepto

1177 2589 1380 2695 quod
1436 2586 1949 2681 macellatores
2005 2605 2079 2666 et
2133 2585 2544 2667 uendentes
2582 2612 2836 2666 carnes
2873 2584 2965 2665 ad
3004 2604 3397 2665 menutum
3452 2586 3742 2692 possint
3796 2612 4051 2691 pesare
4108 2613 4365 2667 carnes
4416 2630 4420 2635 ·

1176 2749 1266 2828 ab
1322 2774 1468 2827 una
1525 2746 1706 2827 libra
1760 2745 1945 2825 infra
2001 2745 2113 2826 ad*
2148 2772 2404 2850 pesam
2460 2744 2555 2824 de
2611 2743 2805 2824 ferro
2844 2771 3060 2850 super
3107 2743 3459 2824 balanciis
3514 2743 3634 2824 uel
3673 2742 3882 2824 aliter
3939 2745 4363 2825 dummodo

1178 2906 1272 2986 sit
1327 2907 1539 2985 iusta.
1597 2906 1690 2983 Et
1742 2931 2058 3010 persona
2115 2931 2257 3009 que
2314 2901 2824 2983 contrafecerit
2879 2902 3122 2983 soluat
3178 2903 3484 3007 quocies
3521 2901 3773 2982 fecerit
3810 2902 4099 2983 solidos
4133 2931 4233 2984 111.
4275 2903 4369 2986 Et

1178 3061 1503 3172 quelibet
1556 3090 1873 3170 persona
1926 3063 2164 3168 possit
2219 3063 2393 3142 inde
2450 3087 2813 3142 accusare.
2874 3080 2947 3141 et
3003 3061 3071 3140 ei
3128 3059 3460 3141 credatur
3498 3061 3917 3142 iuramento
3976 3083 4048 3143 et
4102 3064 4370 3144 habeat

1177 3223 1471 3302 tertiam
1525 3240 1812 3326 partem
1885 3223 2133 3303 banni,
2175 3239 2242 3293 Et
2278 3249 2508 3309 potestas
2545 3237 2709 3308 possit
2744 3235 3009 3308 inquirere
3046 3236 3112 3289 ad
3150 3252 3303 3289 suam
3339 3236 3686 3291 uoluntatem.
3724 3240 3813 3307 (4)

1178 3559 1584 3767 Qot)
1621 3634 1858 3717 NoN
1897 3609 2553 3714 HABITANTES
2593 3629 2702 3710 IN
2738 3565 3175 3725 BAENNIS
3213 3626 3451 3708 NoN
3489 3620 3926 3705 PosstNT
3964 3619 4361 3702 FACERE

1492 3791 2000 3876 AccusAM.

1336 4054 1429 4097 ,ι-

1320 4069 1652 4225 {ilium
1710 4136 2068 4198 statutum
2125 4135 2237 4196 est
2293 4115 2496 4220 quod
2552 4114 2795 4220 aliqua
2848 4142 3167 4221 persona
3223 4142 3366 4221 que
3423 4143 3581 4196 non
3630 4116 3912 4222 habitet
3951 4116 4027 4196 in
4065 4116 4374 4197 baennis

1178 4308 1350 4360 cum
1407 4278 1583 4360 foco
1637 4251 1941 4384 proprio
1999 4294 2072 4356 et
2127 4272 2460 4355 cathena.
2520 4294 2594 4354 et
2650 4241 2806 4355 non
2861 4272 3138 4353 faciens
3199 4275 3437 4378 parias
3494 4293 3569 4353 et
3622 4273 3829 4354 alias
3884 4274 4375 4354 condiciones

1179 4459 1399 4543 atque
1456 4463 1614 4516 non
1671 4434 1975 4516 soluens
2030 4432 2240 4514 fodra
2296 4453 2369 4512 et
2423 4432 2636 4512 talias
2689 4459 2828 4538 pro
2882 4432 3189 4513 comuni
3254 4432 3707 4512 baennarum
3764 4421 4083 4538 nequeat
4138 4430 4373 4513 facere

1178 4595 1405 4677 ullam
1462 4622 1803 4675 accusam
1873 4594 1966 4674 de
2023 4592 2265 4699 aliqua
2334 4619 2411 4672 re
2479 4591 2601 4673 uel
2659 4590 2856 4672 facto
2912 4590 3164 4696 aliquo
3220 4592 3483 4686 modo,
3542 4590 3635 4671 Et
3691 4592 3753 4671 si
3808 4590 4048 4697 aliqua
4114 4619 4375 4673 accusa

1178 4760 1363 4837 lacta
1419 4754 1634 4835 fuerit
1686 4779 1816 4858 per
1860 4751 2194 4857 >aliquam
2252 4778 2342 4831 ex
2400 4749 2748 4855 predictis
2799 4748 3164 4854 personis.
3224 4750 3319 4830 sit
3373 4746 3541 4832 talis
3596 4776 3854 4828 accusa
3910 4749 4186 4829 nullius
4241 4778 4375 4829 ua-

1177 4880 1359 4997 loris
1414 4913 1755 4995 omnino.
1819 4911 1960 4991 nisi
2018 4909 2141 4990 illa
2197 4935 2512 5015 persona
2551 4926 2746 4989 esset
2786 4926 3130 4988 excusata
3166 4923 3208 4986 a
3244 4906 3457 4987 taleis
3495 4925 3568 4986 et
3604 4905 3767 4987 aliis
3804 4908 4376 4988 condicionibus

1176 5105 1219 5155 a
1276 5073 1580 5156 comuni
1638 5073 2117 5152 baennarum.
2203 5088 2408 5149 certo
2462 5086 2708 5173 pacto,
2794 5085 2866 5145 et
2921 5065 3065 5145 nisi
3121 5085 3318 5146 esset
3375 5093 3466 5146 ex
3523 5066 3823 5145 decanis
3876 5065 4000 5145 uel
4079 5066 4375 5171 propria

1177 5233 1455 5316 familia
1510 5230 1922 5338 potestatis,
1956 5229 2073 5309 cui
2110 5227 2231 5310 uel
2288 5228 2554 5333 quibus
2610 5252 2963 5306 concessa
3002 5244 3199 5306 esset
3234 5223 3475 5328 baylia
3512 5223 3901 5304 accusandi
3938 5251 3981 5303 a
4012 5222 4375 5304 conscilio

1179 5400 1657 5474 baennarum.
1716 5390 1841 5496 qui
1897 5413 2237 5468 accusare
2292 5386 2584 5493 possint
2642 5403 2715 5465 et
2770 5381 3079 5490 quilibet
3163 5384 3500 5488 ipsorum
3582 5381 3675 5463 de
3759 5382 3904 5464 hiis
3958 5382 4051 5461 de
4109 5383 4377 5486 quibus

1184 5550 1423 5655 baylia
1481 5547 1619 5631 sibi
1675 5573 2028 5630 concessa
2085 5545 2300 5627 fuerit
2355 5543 2745 5625 accusandi
2830 5571 2872 5623 a
2955 5542 3318 5623 conscilio
3401 5541 3877 5622 baennarum.
3939 5558 4012 5621 et
4067 5567 4225 5620 non
4282 5538 4375 5619 de
