5117 6834
2233 283 2826 384 LXXXIIII

966 576 1168 682 quod
1242 578 1604 655 terminus
1655 576 1856 655 cride
1912 575 2235 680 predicte
2293 578 2387 656 sit
2441 604 2671 681 usque
2738 576 2829 656 ad
2901 575 3171 656 festum
3237 595 3728 681 pentecostes.
3801 595 3975 680 post
4028 601 4144 655 re-

966 739 1224 842 gimen
1281 736 1689 844 potestatis.
1749 758 1822 819 et
1879 737 2060 818 infra
2117 765 2348 817 unum
2407 763 2747 817 mensem
2784 757 2971 818 -ante
3044 736 3314 819 festum
3388 740 3754 845 paschatis
3815 757 4145 843 potestas

963 914 1298 976 teneatur
1354 895 1586 976 facere
1644 897 2061 976 aterminari
2121 915 2192 975 et
2249 895 2544 975 decerni
2602 923 2923 976 comune
2982 898 3056 975 in
3111 897 3457 1002 predictis
3512 896 3699 977 locis
3743 925 3785 976 a
3824 895 4140 1001 speciali.

574 1346 662 1427 35
680 1347 714 1426 3
946 1236 1100 1402 D
1108 1317 1168 1395 E
1224 1316 1413 1395 VIIS
1469 1316 1984 1398 APTANDIS
2065 1317 2174 1396 IN
2259 1318 2559 1398 UILLA
2644 1317 3293 1400 BAENNARUM
3374 1317 3507 1396 ET
3592 1317 3898 1396 INFRA
3952 1318 4120 1396 AY-

1258 1475 1588 1557 RALIA.

1100 1712 1153 1753 .‹‚
1182 1720 1234 1763 «x

1084 1706 1251 1883 {ek}
1282 1817 1439 1872 TEM
1497 1810 1853 1873 statutum
1911 1810 2023 1872 est
2079 1792 2280 1896 quod
2338 1791 2664 1898 quelibet
2718 1819 3033 1897 persona
3088 1810 3421 1871 teneatur
3482 1810 3554 1871 et
3609 1791 3874 1871 debeat
3912 1785 4143 1870 facere

964 1969 1037 2029 et
1092 1968 1336 2054 aptare
1390 1952 1549 2030 uias
1602 1950 1931 2056 publicas
1987 1951 2061 2030 in
2116 1950 2291 2030 villa
2350 1953 2800 2031 baennarum
2839 1971 2911 2031 et
2952 1969 3152 2030 extra
3209 1948 3487 2029 villam.
3530 1968 3603 2029 et
3640 1949 3823 2028 infra
3876 1948 4143 2051 ayralia

961 2108 1408 2214 ubicumque
1466 2110 1540 2188 in
1597 2110 2031 2190 rectitudine
2089 2110 2538 2189 sediminum
2579 2129 2651 2189 et
2689 2110 3092 2190 domorum
3132 2130 3204 2188 et
3242 2107 3545 2188 aliarum
3577 2079 4142 2212 ¹possessionum

965 2293 1260 2347 suarum
1318 2287 1677 2372 quantum
1736 2287 1809 2347 et
1864 2267 2403 2372 protenduntur
2460 2267 2657 2347 dicte
2713 2268 3251 2372 possessiones,
3328 2267 3428 2345 ita
3497 2266 3699 2370 quod
3775 2265 3968 2346 dicte
4024 2267 4142 2345 uie

966 2425 1112 2504 sint
1171 2428 1356 2506 bene
1416 2446 1488 2505 et
1544 2444 2053 2531 competenter
2108 2445 2371 2531 aptate.
2430 2453 2664 2530 usque
2720 2426 2812 2506 ad
2870 2424 3139 2505 festum
3198 2426 3425 2505 sancti
3485 2425 3779 2504 martini
3818 2425 4144 2529 proximi

967 2584 1283 2663 uenturi.
1346 2603 1420 2662 et
1474 2609 1790 2688 persona
1846 2611 1987 2689 que
2044 2582 2550 2663 contrafecerit
2610 2582 2851 2663 soluat
2905 2611 3040 2689 pro
3098 2611 3284 2688 pena
3342 2581 3628 2662 solidos
3663 2609 3761 2662 111.
3812 2583 3904 2661 Et
3941 2581 4141 2686 quod

964 2721 1331 2867 eligantur
1387 2758 1553 2821 11110r
1624 2742 1956 2820 massarii
2011 2741 2103 2821 de
2160 2741 2493 2846 quolibet
2548 2743 2918 2845 quarterio
2974 2769 3187 2821 1111115.
3260 2743 3384 2845 qui
3441 2759 3827 2819 teneantur
3883 2759 3955 2819 et
4010 2739 4142 2821 de-

963 2901 1182 2979 beant
1240 2900 1473 2979 facere
1530 2899 1853 2978 adiuuari
1912 2900 2004 2979 ad
2062 2899 2464 3004 aptandum
2549 2899 2783 2979 dictas
2836 2902 2995 2979 vias
3050 2928 3089 2979 a
3146 2901 3483 3005 personis
3543 2899 3982 2979 habentibus
4038 2927 4142 2980 se-

961 3058 1244 3138 dimina
1300 3057 1575 3162 alonge
1632 3087 1673 3138 a
1731 3059 1872 3138 uiis
1927 3058 2259 3163 publicis.
2346 3058 2495 3137 ubi.
2584 3078 2657 3137 et
2738 3079 2957 3163 prout
3041 3059 3258 3139 dictis
3322 3060 3694 3138 massariis
3749 3058 4139 3139 uidebitur.

962 3215 1261 3296 cuilibet
1318 3217 1390 3295 in
1449 3219 1818 3322 quarterio
1877 3245 2037 3297 suo.
2099 3237 2170 3296 et
2228 3217 2639 3297 secundum
2696 3217 2898 3323 quod
2966 3217 3140 3297 dicti
3227 3219 3555 3298 massarii
3642 3217 4142 3297 ordinauerint

961 3393 1036 3454 et
1090 3375 1544 3479 preceperint
1600 3403 1813 3480 super
1866 3376 2234 3480 predictis
2297 3377 2385 3455 Et
2441 3395 2771 3479 potestas
2826 3395 3159 3456 teneatur
3214 3376 3446 3456 facere
3501 3375 3746 3456 atendi
3788 3396 3860 3455 et
3897 3376 4142 3455 obser-

958 3533 1113 3611 uari
1171 3550 1243 3611 et
1298 3532 1554 3636 punire
1612 3531 2220 3613 contrafacientes
2276 3551 2349 3647 et
2406 3533 2611 3637 quod
2669 3533 2845 3613 dicti
2902 3534 3232 3614 massarii
3289 3534 3577 3638 possint
3635 3552 3836 3613 extra
3882 3531 4137 3612 villam

958 3688 1192 3769 facere
1250 3691 1551 3795 strepari
1607 3709 1680 3770 et
1736 3691 1957 3771 incidi
2007 3693 2081 3770 in
2137 3691 2437 3771 boschis
2492 3692 2743 3771 iuratis
2800 3711 2871 3770 et
2927 3693 3002 3771 in
3058 3691 3219 3771 aliis
3274 3693 3857 3796 quibuscumque
3921 3711 4140 3796 prout

960 3848 1068 3927 eis
1114 3848 1481 3928 uidebitur
1535 3876 1672 3952 pro
1728 3849 1942 3929 dictis
1997 3850 2140 3928 viis
2192 3849 2551 3953 aptandis.

574 4298 607 4375 3
626 4296 721 4375 54
949 4181 1171 4345 DE
1262 4262 1496 4342 NON
1587 4263 2031 4345 ARANDO
2123 4265 2386 4346 UIAM
2475 4267 2673 4346 UEL
2764 4266 3280 4348 CAUANDO
3389 4269 3818 4350 CA-PTAM
3929 4273 4123 4353 UEL

1264 4421 1732 4501 EMPTAM.

1078 4635 1438 4838 ffimu
1489 4761 1848 4823 statutum
1905 4762 2017 4823 est
2081 4745 2282 4850 quod
2340 4745 2540 4826 nulla
2597 4773 2913 4851 persona
2995 4746 3276 4827 habens
3356 4764 3624 4826 terram
3681 4747 3885 4826 iuxta
3940 4746 4138 4825 uiam

936 4918 1245 5004 captam
1303 4899 1422 4979 uel
1481 4920 1809 5006 emptam
1864 4929 1993 5007 per
2048 4930 2370 4984 comune
2446 4905 2899 4985 baennarum
2935 4932 3065 5009 per
3099 4903 3363 4986 fibinas
3399 4903 3533 5011 (1)
3588 4932 3629 4983 a
3684 4904 3804 4982 uia
3859 4931 4141 4984 maren-

958 5055 1094 5135 cha
1154 5060 1487 5161 superius
1541 5078 1920 5163 presumat
1973 5088 2171 5140 arare
2227 5061 2348 5141 uel
2405 5089 2659 5142 cauare
2716 5062 2991 5142 dictam
3075 5064 3273 5142 uiam
3354 5061 3541 5141 ultra
3621 5063 3987 5141 terminos
4041 5061 4141 5141 ibi

955 5215 1247 5319 positos
1302 5218 1492 5296 inter
1525 5217 1821 5298 dictam
1876 5219 2078 5297 viam
2135 5238 2209 5298 et
2263 5238 2491 5299 terras
2546 5220 2679 5299 sub
2735 5247 2925 5326 pena
2982 5219 3396 5300 solidorum
3450 5247 3526 5301 111
3598 5248 3733 5324 pro
3816 5219 4140 5324 qualibet

955 5399 1272 5477 persona
1328 5376 1636 5479 quocies
1689 5374 2223 5456 contrafecerit.
2309 5378 2402 5456 Et
2485 5378 2545 5457 si
2628 5377 2894 5458 alicubi
2980 5378 3176 5458 dic-ta
3230 5379 3348 5458 uia
3403 5399 3684 5484 reperta
3748 5378 3961 5458 fuerit
4016 5378 4140 5459 ali-

957 5551 1238 5635 quanto
1293 5552 1487 5613 arata
1545 5553 1799 5614 cauata
1855 5534 1973 5614 uel
2032 5535 2408 5639 impedita.
2466 5563 2781 5640 persona
2839 5536 3037 5616 iuxta
3094 5564 3314 5642 posse
3354 5556 3426 5617 et
3465 5556 3734 5617 terram
3792 5538 3998 5618 cuius
4034 5565 4140 5618 re-
