5117 6834
634 1718 775 1799 351

631 3561 777 3643 352

1025 667 1268 728 satum
1324 674 1673 752 grossum
1730 666 1803 726 et
1860 646 2150 750 largum
2207 647 2500 727 duobus
2552 646 2864 751 pedibus
2919 672 3150 750 usque
3205 645 3295 725 ad
3353 645 3702 726 kalendas
3755 646 3982 726 madii
4037 675 4200 751 pro·

1023 807 1230 885 ximi.
1290 823 1364 886 et
1420 832 1710 910 semper
1763 823 2242 885 manutenere
2324 805 2607 885 dictum
2689 802 3050 884 fossatum
3124 803 3416 908 largum
3472 822 3546 883 et
3598 803 4051 908 profundum
4106 806 4199 886 de

1024 965 1317 1044 duobus
1370 964 1681 1069 pedibus
1733 983 1814 1043 ut
1869 963 2282 1068 predictum
2325 982 2437 1043 est
2474 963 2609 1043 sub
2666 990 2854 1068 pena
2894 962 3309 1043 solidorum
3348 990 3419 1042 111
3458 963 3654 1042 curie
3692 990 3828 1067 pro
3877 962 4201 1067 qualibet

1022 1150 1336 1227 persona
1391 1123 1696 1227 quocies
1750 1120 2279 1202 contrafecerit.
2338 1123 2432 1201 Et
2486 1120 3019 1201 nichilominus
3054 1148 3242 1225 pena
3282 1120 3523 1201 soluta
3577 1140 3913 1201 teneatur
3966 1120 4200 1201 facere

1024 1301 1096 1362 et
1153 1300 1629 1361 manutenere
1685 1280 1968 1360 dictum
2022 1278 2383 1360 fossatum
2439 1299 2520 1359 ut
2574 1280 2987 1384 predictum
3044 1298 3175 1359 est.

1015 1617 1234 1781 DE
1290 1694 1764 1775 FOSSATO
1821 1692 2345 1773 FACIENDO
2401 1691 2589 1773 PER
2644 1689 2909 1772 UIAM
2962 1689 3337 1770 SANCTI
3391 1687 3962 1789 JUUENALIS.
4027 1698 4160 1803 (3)

1150 1986 1218 2091 fii?
1247 1995 1312 2101 {³3³3
1339 2044 1494 2099 TEM
1550 2036 1904 2098 statutum
1962 2037 2072 2097 est
2128 2017 2329 2122 quod
2414 2017 2738 2124 quelibet
2818 2044 3134 2122 persona
3199 2016 3479 2096 habens
3532 2015 3854 2120 aliquam
3910 2042 4199 2120 posses·

1022 2176 1314 2255 sionem
1371 2203 1498 2280 per
1552 2177 1754 2255 viam
1812 2177 2037 2257 sancti
2097 2174 2474 2275 Juuenalis
2546 2178 2636 2254 ab
2719 2174 2943 2278 ayrali
3029 2173 3384 2253 manfredi
3470 2173 3758 2254 betalle.
3818 2200 4050 2278 usque
4106 2173 4197 2253 ad

1020 2335 1292 2413 cimam
1350 2352 1686 2413 montate
1745 2334 1977 2412 sancti
2034 2333 2412 2433 Juuenalis
2467 2333 2557 2412 ab
2615 2352 2929 2439 utroque
2985 2332 3209 2412 latere
3248 2360 3461 2413 secus
3497 2333 3697 2412 uiam
3735 2349 4069 2410 teneatur
4105 2329 4200 2410 fa-

1019 2518 1180 2570 cere
1240 2518 1454 2595 super
1511 2489 1678 2571 solo
1736 2518 1873 2571 suo
1930 2491 2119 2570 inter
2176 2519 2253 2570 se
2311 2510 2384 2570 et
2439 2518 2761 2570 comune
2843 2518 3077 2570 unum
3141 2490 3520 2571 fossatum
3602 2517 3834 2596 usque
3891 2489 3981 2569 ad
4037 2515 4200 2593 pro-

1018 2650 1308 2729 ximum
1364 2648 1634 2729 festum
1690 2668 2185 2754 pentecostes.
2228 2649 2520 2754 largum
2576 2666 2738 2729 11110r
2796 2648 3107 2753 pedibus
3163 2667 3235 2728 et
3288 2648 3742 2753 profundum
3778 2648 4013 2728 tribus
4064 2646 4197 2762 sub
4310 2702 4315 2707 -

1017 2834 1206 2911 pena
1264 2806 1679 2887 solidorum
1738 2835 1786 2887 11
1842 2809 2064 2886 curie.
2125 2809 2217 2886 Et
2273 2807 2809 2887 nichilominus
2883 2826 3216 2887 teneatur
3280 2805 3512 2886 facere
3564 2833 3863 2911 semper
3919 2824 3991 2885 et
4048 2831 4200 2884 ma-

1017 2983 1371 3044 nutenere
1427 2964 1709 3044 dictum
1766 2963 2127 3044 fossatum
2183 2964 2473 3068 largum
2532 2984 2606 3044 et
2661 2963 3111 3069 profundum
3167 2983 3247 3044 ut
3303 2964 3584 3044 dictum
3644 2983 3753 3043 est
3811 2962 3945 3042 sub
4009 2989 4197 3067 pena

1017 3123 1360 3228 predicta.
1407 3165 1412 3172 ·

1014 3452 1233 3616 DE
1289 3529 1766 3611 FOSSATIS
1821 3529 2349 3610 FACIENDIS
2386 3528 2700 3610 SUPER
2738 3526 3091 3608 PLANO
3129 3495 3502 3656 SANCTI
3540 3527 4012 3608 FAUSTINI
4049 3483 4193 3654 ETs

1321 3689 1639 3769 ELEXI.

1334 4041 1489 4095 TEM
1526 4032 1881 4093 statutum
1923 4032 2033 4093 est
2087 4013 2288 4118 quod
2346 4013 2435 4092 ad
2494 4014 3000 4094 conseruanda
3056 4015 3403 4094 comunia
3442 4034 3515 4094 et
3549 4042 3815 4118 pascua
3854 4017 4199 4096 comunis

1015 4172 1468 4255 baennarum
1524 4173 1726 4280 quod
1784 4172 2107 4277 quelibet
2162 4200 2476 4278 persona
2513 4172 2796 4253 habens
2838 4174 3397 4277 possessionem
3435 4174 3639 4253 iuxta
3677 4175 3836 4254 uias
3869 4174 4199 4278 publicas

1016 4333 1173 4412 siue
1230 4330 1500 4410 molias
1556 4330 1692 4438 (4)
1747 4331 2092 4410 comunis
2148 4356 2363 4435 super
2436 4329 2660 4435 plano
2745 4333 2976 4411 sancti
3050 4329 3344 4410 faustini
3421 4331 3495 4410 in
3559 4330 3808 4438 aliquo
3866 4331 4060 4412 loco.
4124 4351 4198 4412 et

1017 4490 1366 4569 comunia
1423 4488 1693 4568 eodem
1768 4487 2005 4568 modo
2078 4515 2292 4592 super
2363 4486 2589 4591 plano
2663 4488 2852 4567 elexi
2928 4487 3063 4596 (5)
3127 4507 3460 4568 teneatur
3515 4509 3589 4568 et
3644 4488 3908 4570 debeat
3963 4489 4197 4571 facere

1014 4665 1495 4727 manutenere
1545 4673 1765 4750 super
1820 4673 2142 4726 comune
2226 4674 2460 4726 unum
2542 4645 2928 4725 fossatum.
2987 4647 3087 4726 ita
3142 4666 3393 4727 tamen
3450 4648 3653 4752 quod
3712 4647 3994 4728 dictum
4052 4648 4196 4729 fos-

1017 4825 1259 4886 satum
1316 4805 1662 4885 choereat
1699 4822 1772 4883 et
1812 4805 1905 4883 sit
1942 4773 2388 4909 contiguum
2444 4804 3044 4908 possessionibus
3099 4806 3429 4910 ipsorum
3469 4805 3561 4884 de
3598 4833 3754 4886 uno
3793 4806 4196 4886 et-duobus

1011 4964 1345 5071 pedibus,
1405 4962 1587 5043 infra
1640 4964 2043 5042 terminum
2101 4962 2298 5042 eride
2355 4962 2525 5042 inde
2566 4961 2776 5041 facte.
2818 4964 2908 5041 Et
2945 4963 3147 5066 quod
3183 4981 3514 5068 potestas
3549 4983 3882 5044 teneatur
3920 4964 4193 5044 dictam

1017 5123 1295 5202 cridam
1351 5121 1585 5202 facere
1640 5120 1799 5202 fieri
1858 5119 2040 5200 infra
2093 5147 2327 5199 unum
2384 5148 2726 5201 mensem
2780 5113 3180 5227 postquam
3252 5123 3595 5202 iurauerit
3666 5124 4029 5227 regimen.
4103 5123 4198 5203 Et

1010 5307 1327 5386 persona
1382 5307 1524 5386 que
1581 5278 2093 5360 contrafecerit
2147 5278 2390 5359 soluat
2445 5307 2582 5384 pro
2637 5277 2962 5384 qualibet
3031 5299 3105 5360 et
3159 5279 3481 5386 qualibet
3534 5282 3695 5361 uice
3754 5280 4039 5361 solidos
4092 5307 4192 5362 111.

1014 5439 1106 5519 Et
1145 5437 1695 5520 'nichilominus
1749 5436 2111 5519 fossatum
2166 5458 2248 5518 ut
2301 5438 2586 5518 dictum
2643 5456 2754 5518 est
2810 5437 3044 5519 facere
3100 5458 3457 5520 teneatur.
3515 5440 3608 5518 Et
3663 5439 3986 5545 quelibet
4041 5466 4195 5544 per-

1014 5624 1199 5678 sona
1253 5598 1492 5702 possit
1547 5598 1719 5679 inde
1755 5624 2092 5678 accusare
2151 5617 2226 5678 et
2280 5598 2615 5678 credatur
2651 5598 3101 5678 accusationi
3141 5624 3271 5679 sue
3308 5565 3756 5679 iuramento..
3797 5600 3903 5678 Ita
3941 5615 4193 5677 tamen

4762 6789 4891 6792 ,-
4984 6721 5072 6793 ,Δ
