5117 6834
702 1519 846 1598 332

708 4463 845 4541 333

1094 601 1245 680 cies
1277 583 1549 680 'fecerit
1606 617 1678 678 et
1732 597 2052 677 totidem
2112 599 2416 678 comuni
2472 624 2610 702 pro
2667 598 3007 677 emenda.
3050 599 3142 677 Et
3180 598 3712 678 nichilominus
3767 619 4101 680 teneatur
4156 627 4275 687 ex-

1092 757 1343 863 pedire
1402 757 1635 837 dictas
1689 757 1868 836 uias,
1927 757 2020 835 Et
2076 756 2309 836 facere
2365 774 2702 836 teneatur
2756 775 3089 861 potestas
3145 755 3338 862 elegi
3377 776 3526 837 tres
3575 757 3693 838 uel
3732 770 3892 838 11110r
3926 757 4276 847 homines

1095 916 1220 1019 qui
1277 913 1594 994 debeant
1648 914 1971 1019 predicta
2011 914 2374 1018 inquirere
2415 932 2487 993 et
2517 913 2935 1017 designare.
2975 916 3067 994 Et
3105 914 3251 994 hoc
3290 913 3742 1019 intelligatur
3780 920 3990 1001 extra
4015 915 4274 997 villam

1092 1072 1564 1151 baennarum.
1624 1070 1758 1178 (3)

1085 1413 1304 1576 DE
1361 1486 2351 1571 ATERMINATORIBUS
2409 1485 2543 1564 ET
2601 1484 2974 1566 EORUM
3027 1483 3655 1565 IURAMENTO
3737 1510 3830 1563 ET
3893 1509 4080 1564 PENA
4155 1509 4273 1564 AR-

1414 1667 1898 1721 RANCANTIUM
1936 1665 2316 1721 TERMINOS.

1212 1869 1566 2069 Qum
1624 1984 1980 2046 statutum
2041 1984 2152 2046 est
2208 1964 2410 2070 quod
2467 1983 2801 2069 potestas
2854 1982 3190 2049 teneatur
3247 1983 3320 2045 et
3375 1965 3639 2045 debeat
3709 1964 3944 2045 facere
4010 1993 4277 2046 omnes

1092 2125 1657 2205 aterminatores
1711 2125 1835 2228 qui
1891 2150 2169 2228 ponere
2228 2123 2615 2203 debuerint
2672 2123 2827 2207 siue
2884 2124 3270 2203 constituti
3335 2123 3601 2203 fuerint
3654 2150 3934 2229 ponere
3989 2123 4278 2229 aliquos

1090 2284 1457 2363 terminos
1513 2284 1587 2362 in
1643 2282 1894 2387 aliquo
1953 2280 2126 2361 loco
2183 2283 2374 2361 inter
2430 2280 2713 2391 aliquas
2768 2308 3123 2386 personas
3178 2282 3409 2362 iurare
3464 2308 3742 2386 ponere
3826 2281 4070 2363 dictos
4139 2300 4278 2362 ter-

1093 2442 1343 2522 minos
1395 2441 1593 2521 bona
1649 2440 1821 2521 fide.
1885 2458 1959 2520 et
2013 2440 2278 2520 habeat
2333 2440 2816 2523 aterminator
2873 2467 3002 2521 seu
3058 2442 3624 2521 aterminatores
3679 2442 3834 2544 siue
3921 2441 4014 2520 sit
4084 2468 4278 2521 unus
4347 2440 4358 2449 ’

1093 2600 1250 2678 siue
1310 2600 1456 2679 sint
1512 2599 1780 2703 plures,
1842 2600 1996 2680 siue
2054 2618 2285 2703 ponat
2341 2600 2416 2678 in
2474 2595 2649 2679 uilla
2722 2598 3178 2679 baennarum
3264 2598 3418 2678 siue
3504 2617 3734 2679 extra.
3793 2599 3887 2679 de
3943 2598 4277 2705 quolibet

1089 2759 1418 2838 termino
1474 2784 1698 2862 quem
1754 2758 2128 2862 possuerit
2182 2756 2531 2837 denarios
2585 2784 2710 2837 1111.
2769 2757 2825 2836 si
2886 2757 3167 2836 dictum
3245 2755 3561 2836 loerium
3618 2757 3911 2861 petierit
3969 2784 4100 2837 seu
4154 2756 4276 2836 ha-

1090 2916 1261 2996 bere
1335 2914 1678 2994 uoluerit.
1748 2915 1840 2993 Et
1894 2933 2228 3019 potestas
2301 2932 2638 2994 teneatur
2720 2915 3232 3018 constringere
3317 2941 3586 2994 omnes
3669 2913 3950 2995 electos
4018 2916 4119 2993 ire
4183 2914 4274 2994 ad

1091 3072 1712 3153 aterminandum.
1774 3090 1847 3150 et
1902 3068 2136 3151 facere
2194 3072 2426 3151 teneri
2486 3089 2559 3150 et
2615 3071 2990 3151 obseruari
3048 3073 3412 3152 terminos
3448 3073 3740 3175 positos
3793 3099 3920 3176 per
3977 3073 4279 3151 atermi—

1093 3248 1393 3309 natores
1450 3229 1636 3309 sicut
1689 3228 1917 3334 positi
1974 3228 2266 3308 fuerint.
2326 3231 2427 3308 ita
2483 3230 2688 3333 quod
2774 3228 3021 3309 nullus
3077 3230 3250 3309 inde
3307 3228 3615 3309 ulterius
3669 3230 4026 3309 audiatur.
4084 3230 4127 3269 ⁴⁶
4184 3230 4275 3310 Et

1094 3386 1340 3468 nullus
1378 3386 1560 3468 infra
1597 3388 1962 3469 terminos
1999 3387 2294 3492 positos
2331 3386 2450 3467 uel
2487 3388 2889 3494 ponendos
2936 3415 3062 3493 per
3099 3391 3685 3469 aterminatoreS.
3728 3416 4101 3470 cassezare
4141 3388 4276 3495 (4)

1096 3573 1230 3626 nec
1286 3547 1620 3627 laborare
1656 3546 1914 3651 possit.
1959 3546 2052 3626 Et
2091 3546 2152 3625 si
2209 3573 2349 3650 qua
2406 3573 2726 3651 persona
2764 3566 3171 3627 arrancaret
3208 3546 3533 3652 aliquem
3569 3549 3974 3627 terminum
4032 3546 4277 3627 soluat

1092 3731 1228 3809 pro
1286 3703 1535 3784 banno
1590 3705 1897 3809 quocies
1952 3702 2205 3785 fecerit
2262 3702 2551 3784 solidos
2606 3731 2727 3785 Lx.
2785 3723 3025 3809 preter
3079 3705 3281 3810 quod
3341 3707 3400 3785 si
3457 3724 3829 3786 arancaret
3887 3732 4016 3785 seu
4072 3734 4274 3786 aran-

1094 3881 1331 3943 casset
1388 3888 1574 3941 cum·
1614 3888 1859 3943 massa
1914 3860 2193 3942 arando
2249 3880 2545 3942 terram.
2588 3864 2672 3942 In
2710 3889 2863 3968 quo
2920 3889 3092 3942 casu
3148 3862 3388 3943 soluat
3425 3890 3562 3967 pro
3600 3862 3849 3944 banno
3905 3862 4192 3944 solidos
4227 3892 4276 3942 x

1094 4022 1397 4125 quocies
1451 4018 1722 4100 fecerit.
1780 4020 1873 4098 Et
1927 4019 2073 4099 hoc
2130 4046 2284 4099 non
2340 4020 2577 4123 possit
2632 4021 3002 4099 remoueri
3060 4019 3420 4101 conscilio
3476 4020 3597 4100 uel
3650 4020 3800 4100 alio
3838 4019 4099 4101 mode.
4140 4021 4276 4129 (5)

1086 4368 1239 4531 D
1252 4449 1306 4524 E
1364 4445 1837 4525 FOSSATO
1895 4442 2417 4523 FACIENDO
2458 4442 2566 4519 IN
2605 4438 3037 4519 UILLARE
3083 4438 3398 4531 LEQUI
3455 4435 3769 4516 INTER
3808 4436 4255 4515 COMUNE

1398 4605 1530 4682 ET
1586 4603 2078 4682 HOMINES.

1410 4940 1566 4994 *ri-:M
1624 4911 1827 5017 quod
1889 4911 2216 5017 quelibet
2272 4916 2586 5015 persona
2644 4938 2787 5016 que
2845 4911 3064 4990 habet
3121 4931 3387 4991 terram
3445 4929 3734 5016 pratum
3791 4911 3911 4991 uel
3975 4915 4275 4992 uineam

1092 5075 1297 5152 iuxta
1354 5099 1676 5151 comune
1734 5072 1806 5150 in
1864 5069 2156 5150 uillario
2213 5068 2407 5175 lequi
2464 5087 2798 5150 teneatur
2853 5088 2925 5148 et
2981 5069 3243 5150 debeat
3299 5068 3530 5149 facere
3596 5068 3956 5150 fossatum
4038 5097 4272 5151 unum

1092 5230 1184 5310 de
1242 5258 1291 5310 11
1346 5230 1657 5335 pedibus
1713 5231 1901 5309 inter
1958 5257 2036 5308 se
2096 5248 2168 5307 et
2225 5256 2572 5308 comune.
2631 5254 2864 5332 usque
2921 5228 3012 5307 ad
3070 5230 3337 5308 festum
3396 5255 3610 5333 pasce
3669 5230 3802 5309 sub
3859 5257 4046 5333 pena
4103 5228 4273 5309 soli-

1091 5388 1361 5469 dorum
1416 5414 1491 5468 111
1544 5415 1680 5492 pro
1737 5386 2058 5492 qualibet
2103 5381 2419 5491 persona
2456 5414 2599 5491 que
2639 5384 3185 5466 contrafaceret.
3226 5386 3319 5465 Et
3357 5385 3887 5467 nichilominus
3939 5406 4272 5467 teneatur

1089 5543 1323 5626 facere
1378 5544 1660 5625 dictum
1714 5543 2098 5626 fossatum.
2158 5562 2234 5629 Et
2281 5562 2454 5651 quod
2498 5579 2779 5651 potestas
2826 5564 3026 5650 possit
3074 5580 3135 5628 et
3180 5581 3467 5629 teneatur
3512 5562 3660 5629 inde
3704 5565 4039 5651 inquirere.
