5117 6834
2117 363 2583 507 XXXIII

771 638 1063 719 cutiens
1117 656 1366 719 essent
1421 637 1514 717 de
1570 664 1718 717 una
1770 635 2047 718 familia
2130 655 2411 718 stantes
2464 636 2556 716 ad
2616 638 2942 718 eundem
3024 665 3294 744 panem
3351 657 3426 718 et
3481 639 3767 719 uinum.
3852 637 3973 719 uel

772 797 916 877 nisi
972 814 1169 877 esset
1224 796 1554 878 seruiens
1609 797 1789 877 eius.
1843 796 1992 878 hoc
2048 794 2456 877 intellecto.
2513 797 2718 902 quod
2776 797 2836 877 si
2894 798 3224 878 seruiens
3278 825 3436 878 non
3491 796 3744 878 fecerit
3799 825 3972 903 que-

772 956 1177 1036 rimoniam
1233 955 1327 1036 de
1383 954 1728 1036 domino.
1787 973 1861 1035 et
1916 956 1979 1035 si
2032 955 2286 1036 fecerit
2339 974 2517 1035 tunc
2573 955 2931 1036 dominus
2982 957 3325 1062 puniatur
3379 975 3462 1036 ut
3514 957 3592 1037 in
3648 956 3971 1062 capitulo

770 1114 1220 1194 continetur.
1276 1113 1475 1194 filius
1529 1132 1781 1194 autem
1835 1112 2054 1195 frater
2108 1132 2183 1195 et
2235 1114 2389 1195 filia
2442 1116 2753 1195 maritus
2827 1133 2901 1195 et
2963 1143 3153 1196 uxor
3204 1134 3506 1221 patruus
3560 1115 3970 1196 auunculus

773 1299 1014 1377 nepos
1067 1271 1190 1352 uel
1244 1273 1851 1378 consanguineus
1904 1299 2309 1391 germanus
2363 1272 2588 1353 simul
2641 1273 3058 1355 habitantes
3112 1292 3194 1353 ut
3246 1273 3660 1379 predictum
3707 1292 3820 1354 est
3873 1273 3967 1354 de

770 1431 1099 1536 predicta
1150 1458 1342 1537 pena
1395 1459 1553 1512 non
1607 1450 2020 1512 teneantur.
2080 1433 2142 1512 si
2196 1459 2379 1513 uero
2436 1432 2659 1533 simul
2716 1397 2873 1513 non
2930 1412 3206 1513 starent
3242 1398 3567 1538 predicte
3621 1401 3968 1538 persone.

767 1609 845 1671 et
896 1608 1363 1694 percuterent
1419 1617 1497 1670 se
1554 1617 1772 1671 causa
1827 1591 2210 1696 separandi
2267 1609 2341 1671 et
2395 1590 2780 1671 diuidendi
2833 1591 3071 1695 rixam
3126 1618 3270 1696 que
3325 1591 3515 1671 inter
3569 1592 3774 1696 ipsos
3828 1592 3969 1707 ori-

768 1767 968 1829 retur
1023 1747 1145 1828 uel
1199 1750 1378 1829 oriri
1430 1768 1690 1856 posset
1742 1748 1866 1831 uel
1923 1776 2140 1830 causa
2222 1750 2637 1856 castigandi
2693 1751 2770 1830 in
2825 1750 3093 1855 quibus
3175 1750 3503 1831 cassibus
3584 1751 3810 1831 etiam
3875 1751 3968 1831 de

766 1935 959 2014 pena
1012 1935 1171 1988 non
1226 1926 1639 1989 teneantur.
1696 1909 1791 1989 Et
1846 1909 1909 1989 si
1961 1909 2383 2016 percutiens
2445 1937 2604 1990 non
2669 1908 2971 1990 haberet
3033 1909 3232 1990 unde
3302 1909 3627 1991 solueret
3682 1910 3965 1990 dictum

767 2070 1099 2148 bannum
1154 2067 1448 2147 amittat
1498 2067 1771 2174 pedem
1826 2067 1949 2148 uel
2004 2083 2337 2148 manum.
2426 2069 2487 2148 si
2568 2086 2903 2174 potestas
2959 2095 3134 2149 eum
3187 2068 3456 2149 habere
3508 2069 3804 2175 poterit.
3891 2087 3966 2149 et

763 2226 906 2307 nisi
963 2224 1218 2306 fecerit
1272 2252 1351 2306 se
1406 2225 1935 2307 deffendendO.
1994 2227 2071 2307 in
2127 2225 2274 2308 hoc
2329 2254 2503 2308 casu
2558 2254 2716 2308 non
2771 2246 3109 2308 teneatur
3163 2226 3256 2307 de
3311 2206 3523 2332 pena.
3582 2229 3696 2308 Eo
3753 2227 3962 2309 saluo

765 2384 973 2490 quod
1030 2384 1093 2464 si
1145 2383 1346 2464 filius
1399 2404 1812 2491 percuteret
1865 2405 2152 2493 patrem
2205 2384 2328 2466 uel
2383 2404 2728 2467 matrem.
2769 2412 2901 2467 seu
2955 2386 3142 2492 patri
3196 2385 3317 2466 uel
3364 2386 3580 2466 matri
3618 2385 3962 2467 iniuriam

761 2541 1089 2649 aliquam
1146 2543 1415 2625 dixerit
1450 2543 1574 2624 uel
1609 2543 1887 2626 fecerit.
1928 2546 2131 2650 quod
2170 2563 2348 2625 tunc
2382 2546 2727 2652 puniatur
2764 2545 3068 2625 arbitrio
3104 2543 3396 2637 domini
3454 2545 3781 2651 episcopi
3827 2543 3963 2652 (1)

764 2701 889 2782 uel
946 2703 1106 2785 eius
1158 2703 1435 2784 uicarii.
1495 2703 1654 2811 (2).

364 3260 512 3339 151
745 3131 971 3298 DE
1024 3190 1621 3299 HoMrcmro.

873 3431 1061 3635 ἕξ
1079 3572 1245 3628 TEM-
1294 3564 1655 3627 statutum
1694 3564 1807 3626 est
1856 3563 1933 3626 et
1987 3545 2417 3626 ordinatum
2453 3545 2659 3651 quod
2702 3546 2765 3626 si
2801 3546 3067 3653 aliquis
3101 3547 3472 3628 habitator
3507 3549 3961 3629 baennarum

755 3704 1202 3786 interfecerit
1255 3704 1580 3810 aliquem
1636 3705 2155 3786 habitatorem.
2214 3705 2417 3811 quod
2473 3705 2662 3786 deus
2715 3724 2997 3786 auertat
3051 3706 3256 3812 quod
3313 3708 3671 3787 moriatur
3728 3709 3789 3789 si
3827 3706 3961 3788 ha-

754 3862 912 3944 beri
966 3865 1242 3970 poterit
1295 3864 1440 3944 nisi
1495 3861 1746 3944 fecerit
1802 3891 1880 3945 se
1936 3862 2467 3945 deffendendO.
2527 3883 2603 3945 et
2655 3865 2801 3945 nisi
2856 3884 3052 3946 esset
3107 3864 3200 3945 de
3257 3865 3630 3946 forestatis
3693 3865 3829 3974 (3)
3886 3884 3960 3946 et

752 4020 1081 4104 bannitis
1138 4014 1264 4130 (4)
1321 4023 1667 4103 comunis
1718 4025 2177 4103 baennarum
2258 4023 2352 4103 de
2435 4023 2704 4129 quibus
2774 4022 2977 4104 nulla
3029 4050 3221 4130 pena
3277 4023 3629 4105 soluatur.
3687 4025 3781 4105 Et
3835 4022 3959 4105 ille

753 4184 882 4289 qui
938 4182 1382 4263 interfecerit
1437 4181 1668 4263 alium
1723 4200 1806 4262 ut
1862 4209 2076 4288 supra
2132 4182 2417 4263 dictum
2493 4202 2606 4263 est
2662 4183 2722 4263 si
2779 4182 3030 4263 haberi
3112 4210 3270 4264 non
3325 4184 3599 4289 poterit
3654 4184 3750 4264 sit
3801 4210 3959 4288 per-

752 4359 975 4448 petue
1033 4341 1379 4422 bannitus
1432 4358 1507 4420 et
1562 4338 1959 4421 forestatus
2012 4340 2105 4421 de
2162 4338 2337 4421 uilla
2391 4342 2870 4421 baennarum.
2930 4360 3006 4422 et
3059 4342 3351 4422 amittat
3405 4340 3500 4421 de
3557 4367 3698 4421 suo
3736 4339 3958 4422 libras

753 4518 1079 4580 centum.
1140 4501 1240 4579 ita
1294 4498 1498 4604 quod
1555 4527 1711 4580 non
1767 4499 2004 4606 possit
2058 4499 2325 4580 reuerti
2408 4472 2582 4581 ullo¹
2650 4518 2992 4606 tempore
3047 4500 3124 4579 in
3181 4498 3439 4580 uillam
3520 4500 3953 4605 predictam.

751 4658 846 4738 Et
901 4658 1524 4764 quandocumque
1571 4659 1823 4739 haberi
1868 4677 2124 4765 posset
2170 4657 2375 4764 quod
2413 4659 2798 4740 moriatur.
2837 4659 2931 4739 Et
2969 4657 3234 4764 aliquis
3287 4686 3443 4740 non
3501 4658 3957 4766 intelligatur

752 4816 1123 4898 habitator
1179 4817 1635 4899 baennarum
1691 4818 1835 4898 nisi
1892 4836 2116 4898 staret
2171 4845 2344 4898 cum
2400 4836 2563 4899 tota
2618 4845 2749 4899 sua
2803 4817 3082 4899 familia
3119 4818 3196 4898 in
3234 4818 3543 4899 baennis
3579 4838 3653 4899 et
3687 4819 3957 4899 faceret

753 4977 1242 5057 condiciones
1296 4977 1373 5057 in
1428 4976 1625 5057 dicta
1679 4974 1878 5057 uilla.
1921 4977 2108 5057 sicut
2146 4975 2601 5058 habitatores
2655 4975 2955 5058 faciunt.
2993 4995 3068 5057 et
3103 4977 3249 5057 nisi
3287 4994 3483 5057 esset
3528 4973 3954 5056 interfectus

750 5133 1114 5215 oriundus
1167 5135 1620 5214 baennarum
1677 5132 1800 5214 uel
1854 5133 2053 5214 filius
2109 5135 2291 5215 eius.
2351 5135 2757 5240 exceptatis
2810 5133 2984 5214 inde
3041 5133 3385 5244 dominis
3402 5151 3476 5213 et
3512 5132 3954 5244 habentibus

751 5311 1052 5398 pactum
1110 5319 1284 5373 cum
1340 5256 1648 5373 comuni
1704 5293 1799 5373 de
1854 5320 2013 5373 non
2070 5288 2441 5373 soluendo
2479 5291 2724 5373 fodro.
2785 5311 2861 5372 et
2916 5292 3126 5372 saluo
3182 5290 3387 5396 quod
3437 5291 3499 5371 si
3535 5288 3954 5395 percutiens

748 5449 1073 5556 aliquem
1129 5449 1571 5532 interfecerit
1628 5451 2039 5556 incogitata
2093 5477 2223 5531 seu
2280 5450 2726 5557 improuisse
2765 5448 3009 5530 soluat
3060 5476 3199 5556 pro
3254 5450 3504 5528 banno
3543 5447 3764 5527 libras
3800 5474 3950 5526 xxv

747 5627 1100 5689 astenses.
1143 5628 1217 5689 et
1271 5609 1334 5689 si
1389 5608 1665 5689 dictam
1703 5636 1975 5715 penam
2014 5608 2305 5690 soluere
2343 5635 2500 5689 non
2535 5609 2813 5715 poterit
2849 5607 3141 5688 amittat
3178 5605 3483 5688 oculum
3519 5605 3641 5686 uel
3678 5605 3949 5712 pedem

960 5846 1006 5924 9
