<?xml version="1.0" encoding="UTF-8"?>
<!DOCTYPE html PUBLIC "-//W3C//DTD XHTML 1.0 Transitional//EN"
    "http://www.w3.org/TR/xhtml1/DTD/xhtml1-transitional.dtd">
<html xmlns="http://www.w3.org/1999/xhtml" xml:lang="en" lang="en">
 <head>
  <title>
</title>
<meta http-equiv="Content-Type" content="text/html;charset=utf-8" />
  <meta name='ocr-system' content='tesseract 3.04.00' />
  <meta name='ocr-capabilities' content='ocr_page ocr_carea ocr_par ocr_line ocrx_word'/>
</head>
<body>
  <div class='ocr_page' id='page_1' title='image "./capitulaetstatu00unkngoog_0104.png"; bbox 0 0 5117 6834; ppageno 0'>
   <div class='ocr_carea' id='block_1_1' title="bbox 733 1642 877 1743">
    <p class='ocr_par' dir='ltr' id='par_1_1' title="bbox 733 1642 877 1743">
     <span class='ocr_line' id='line_1_1' title="bbox 733 1642 877 1743; baseline 0.007 -23"><span class='ocrx_word' id='word_1_1' title='bbox 733 1642 877 1743; x_wconf 87' lang='lat'>169</span> 
     </span>
    </p>
   </div>
   <div class='ocr_carea' id='block_1_2' title="bbox 712 3238 876 3322">
    <p class='ocr_par' dir='ltr' id='par_1_2' title="bbox 712 3238 876 3322">
     <span class='ocr_line' id='line_1_2' title="bbox 712 3238 876 3322; baseline -0.006 -24"><span class='ocrx_word' id='word_1_2' title='bbox 712 3238 876 3322; x_wconf 66' lang='lat'><strong>‘170</strong></span> 
     </span>
    </p>
   </div>
   <div class='ocr_carea' id='block_1_3' title="bbox 728 4980 865 5060">
    <p class='ocr_par' dir='ltr' id='par_1_3' title="bbox 728 4980 865 5060">
     <span class='ocr_line' id='line_1_3' title="bbox 728 4980 865 5060; baseline -0.015 -23"><span class='ocrx_word' id='word_1_3' title='bbox 728 4980 865 5060; x_wconf 83' lang='lat'>171</span> 
     </span>
    </p>
   </div>
   <div class='ocr_carea' id='block_1_4' title="bbox 1120 634 4312 1375">
    <p class='ocr_par' dir='ltr' id='par_1_4' title="bbox 1120 634 4312 1375">
     <span class='ocr_line' id='line_1_4' title="bbox 1121 634 4308 743; baseline 0.001 -28"><span class='ocrx_word' id='word_1_4' title='bbox 1121 635 1316 740; x_wconf 88' lang='lat' dir='ltr'>passi</span> <span class='ocrx_word' id='word_1_5' title='bbox 1371 634 1675 740; x_wconf 89' lang='lat' dir='ltr'>dampni</span> <span class='ocrx_word' id='word_1_6' title='bbox 1715 662 1792 716; x_wconf 89' lang='lat' dir='ltr'>se</span> <span class='ocrx_word' id='word_1_7' title='bbox 1829 661 1987 724; x_wconf 87' lang='lat' dir='ltr'>non</span> <span class='ocrx_word' id='word_1_8' title='bbox 2022 637 2398 740; x_wconf 89' lang='lat' dir='ltr'>possuisse</span> <span class='ocrx_word' id='word_1_9' title='bbox 2454 637 2701 741; x_wconf 91' lang='lat' dir='ltr'>ipsum</span> <span class='ocrx_word' id='word_1_10' title='bbox 2738 638 2999 742; x_wconf 89' lang='lat' dir='ltr'>ignem</span> <span class='ocrx_word' id='word_1_11' title='bbox 3057 664 3195 718; x_wconf 93' lang='lat' dir='ltr'>nec</span> <span class='ocrx_word' id='word_1_12' title='bbox 3252 638 3510 720; x_wconf 89' lang='lat' dir='ltr'>fecisse</span> <span class='ocrx_word' id='word_1_13' title='bbox 3569 639 3811 743; x_wconf 90' lang='lat' dir='ltr'>ipsum</span> <span class='ocrx_word' id='word_1_14' title='bbox 3849 638 4308 719; x_wconf 85' lang='lat' dir='ltr'><strong>incendium.</strong></span> 
     </span>
     <span class='ocr_line' id='line_1_5' title="bbox 1123 794 4312 904; baseline 0.002 -32"><span class='ocrx_word' id='word_1_15' title='bbox 1123 802 1199 873; x_wconf 89' lang='lat' dir='ltr'>et</span> <span class='ocrx_word' id='word_1_16' title='bbox 1255 794 1479 873; x_wconf 88' lang='lat' dir='ltr'>etiarn</span> <span class='ocrx_word' id='word_1_17' title='bbox 1520 820 1598 873; x_wconf 91' lang='lat' dir='ltr'>se</span> <span class='ocrx_word' id='word_1_18' title='bbox 1635 795 1918 874; x_wconf 88' lang='lat' dir='ltr'>nescire</span> <span class='ocrx_word' id='word_1_19' title='bbox 1975 795 2140 899; x_wconf 89' lang='lat' dir='ltr'>quis</span> <span class='ocrx_word' id='word_1_20' title='bbox 2196 795 2470 876; x_wconf 89' lang='lat' dir='ltr'>fecerit.</span> <span class='ocrx_word' id='word_1_21' title='bbox 2512 815 2586 875; x_wconf 88' lang='lat' dir='ltr'>et</span> <span class='ocrx_word' id='word_1_22' title='bbox 2626 796 2688 876; x_wconf 87' lang='lat' dir='ltr'>si</span> <span class='ocrx_word' id='word_1_23' title='bbox 2725 822 2877 901; x_wconf 93' lang='lat' dir='ltr'>quo</span> <span class='ocrx_word' id='word_1_24' title='bbox 2914 814 3256 902; x_wconf 90' lang='lat' dir='ltr'>tempore</span> <span class='ocrx_word' id='word_1_25' title='bbox 3293 797 3727 902; x_wconf 87' lang='lat' dir='ltr'>reperiretur</span> <span class='ocrx_word' id='word_1_26' title='bbox 3765 798 4010 904; x_wconf 90' lang='lat' dir='ltr'>ipsum</span> <span class='ocrx_word' id='word_1_27' title='bbox 4048 799 4312 902; x_wconf 88' lang='lat' dir='ltr'>ignem</span> 
     </span>
     <span class='ocr_line' id='line_1_6' title="bbox 1122 951 4311 1061; baseline 0.002 -31"><span class='ocrx_word' id='word_1_28' title='bbox 1122 951 1281 1031; x_wconf 91' lang='lat' dir='ltr'>siue</span> <span class='ocrx_word' id='word_1_29' title='bbox 1336 951 1766 1031; x_wconf 90' lang='lat' dir='ltr'>incendium</span> <span class='ocrx_word' id='word_1_30' title='bbox 1820 952 2095 1033; x_wconf 86' lang='lat' dir='ltr'>factum</span> <span class='ocrx_word' id='word_1_31' title='bbox 2151 954 2374 1034; x_wconf 72' lang='lat' dir='ltr'>tuisse</span> <span class='ocrx_word' id='word_1_32' title='bbox 2430 980 2562 1033; x_wconf 92' lang='lat' dir='ltr'>seu</span> <span class='ocrx_word' id='word_1_33' title='bbox 2614 954 2947 1058; x_wconf 90' lang='lat' dir='ltr'>positum</span> <span class='ocrx_word' id='word_1_34' title='bbox 3002 981 3164 1035; x_wconf 89' lang='lat' dir='ltr'>esse</span> <span class='ocrx_word' id='word_1_35' title='bbox 3217 981 3346 1061; x_wconf 90' lang='lat' dir='ltr'>per</span> <span class='ocrx_word' id='word_1_36' title='bbox 3400 954 3723 1060; x_wconf 84' lang='lat' dir='ltr'>aliquam</span> <span class='ocrx_word' id='word_1_37' title='bbox 3778 982 4177 1061; x_wconf 88' lang='lat' dir='ltr'>personam</span> <span class='ocrx_word' id='word_1_38' title='bbox 4214 955 4311 1036; x_wconf 92' lang='lat' dir='ltr'>de</span> 
     </span>
     <span class='ocr_line' id='line_1_7' title="bbox 1120 1097 4312 1218; baseline 0.001 -29"><span class='ocrx_word' id='word_1_39' title='bbox 1120 1097 1399 1189; x_wconf 85' lang='lat' dir='ltr'>familia</span> <span class='ocrx_word' id='word_1_40' title='bbox 1453 1108 1652 1191; x_wconf 88' lang='lat' dir='ltr'>illius</span> <span class='ocrx_word' id='word_1_41' title='bbox 1709 1131 1781 1191; x_wconf 90' lang='lat' dir='ltr'>et</span> <span class='ocrx_word' id='word_1_42' title='bbox 1837 1110 2010 1190; x_wconf 91' lang='lat' dir='ltr'>inde</span> <span class='ocrx_word' id='word_1_43' title='bbox 2065 1112 2399 1193; x_wconf 86' lang='lat' dir='ltr'>habuerit</span> <span class='ocrx_word' id='word_1_44' title='bbox 2454 1110 2877 1192; x_wconf 90' lang='lat' dir='ltr'>emendam.</span> <span class='ocrx_word' id='word_1_45' title='bbox 2933 1131 3268 1193; x_wconf 88' lang='lat' dir='ltr'>teneatur</span> <span class='ocrx_word' id='word_1_46' title='bbox 3321 1113 3682 1218; x_wconf 90' lang='lat' dir='ltr'>recipiens</span> <span class='ocrx_word' id='word_1_47' title='bbox 3737 1112 4136 1194; x_wconf 89' lang='lat' dir='ltr'>emendam</span> <span class='ocrx_word' id='word_1_48' title='bbox 4190 1139 4312 1193; x_wconf 89' lang='lat' dir='ltr'>re-</span> 
     </span>
     <span class='ocr_line' id='line_1_8' title="bbox 1121 1268 3522 1375; baseline 0.001 -27"><span class='ocrx_word' id='word_1_49' title='bbox 1121 1269 1424 1349; x_wconf 87' lang='lat' dir='ltr'>stituere</span> <span class='ocrx_word' id='word_1_50' title='bbox 1479 1269 1559 1349; x_wconf 91' lang='lat' dir='ltr'>in</span> <span class='ocrx_word' id='word_1_51' title='bbox 1614 1268 1924 1375; x_wconf 90' lang='lat' dir='ltr'>duplum</span> <span class='ocrx_word' id='word_1_52' title='bbox 1980 1269 2289 1350; x_wconf 90' lang='lat' dir='ltr'>comuni</span> <span class='ocrx_word' id='word_1_53' title='bbox 2343 1270 2563 1351; x_wconf 91' lang='lat' dir='ltr'>huius</span> <span class='ocrx_word' id='word_1_54' title='bbox 2617 1270 2821 1375; x_wconf 93' lang='lat' dir='ltr'>quod</span> <span class='ocrx_word' id='word_1_55' title='bbox 2875 1270 3049 1351; x_wconf 92' lang='lat' dir='ltr'>inde</span> <span class='ocrx_word' id='word_1_56' title='bbox 3121 1270 3522 1351; x_wconf 85' lang='lat' dir='ltr'>habuisset.</span> 
     </span>
    </p>
   </div>
   <div class='ocr_carea' id='block_1_5' title="bbox 1123 1546 4304 1754">
    <p class='ocr_par' dir='ltr' id='par_1_5' title="bbox 1123 1546 4304 1754">
     <span class='ocr_line' id='line_1_9' title="bbox 1123 1546 4304 1754; baseline 0.002 -44"><span class='ocrx_word' id='word_1_57' title='bbox 1123 1546 1530 1754; x_wconf 77' lang='lat' dir='ltr'>QJOD</span> <span class='ocrx_word' id='word_1_58' title='bbox 1584 1630 2120 1714; x_wconf 89' lang='lat' dir='ltr'>POTESTAS</span> <span class='ocrx_word' id='word_1_59' title='bbox 2175 1631 2416 1716; x_wconf 91' lang='lat' dir='ltr'>NON</span> <span class='ocrx_word' id='word_1_60' title='bbox 2468 1632 2841 1715; x_wconf 90' lang='lat' dir='ltr'>PONAT</span> <span class='ocrx_word' id='word_1_61' title='bbox 2922 1632 3399 1730; x_wconf 86' lang='lat' dir='ltr'><strong>ALIQUEM</strong></span> <span class='ocrx_word' id='word_1_62' title='bbox 3451 1632 3598 1714; x_wconf 89' lang='lat' dir='ltr'>AD</span> <span class='ocrx_word' id='word_1_63' title='bbox 3679 1632 4304 1717; x_wconf 91' lang='lat' dir='ltr'>PATIBULUM.</span> 
     </span>
    </p>
   </div>
   <div class='ocr_carea' id='block_1_6' title="bbox 1114 1842 4312 3010">
    <p class='ocr_par' dir='ltr' id='par_1_6' title="bbox 1114 1842 4312 3010">
     <span class='ocr_line' id='line_1_10' title="bbox 1226 1842 4311 2069; baseline 0 -32"><span class='ocrx_word' id='word_1_64' title='bbox 1226 1842 1416 2048; x_wconf 49' lang='grc' dir='ltr'>ἒξ</span> <span class='ocrx_word' id='word_1_65' title='bbox 1437 1982 1594 2038; x_wconf 82' lang='lat' dir='ltr'>TEM</span> <span class='ocrx_word' id='word_1_66' title='bbox 1632 1975 1991 2037; x_wconf 87' lang='lat' dir='ltr'>statutum</span> <span class='ocrx_word' id='word_1_67' title='bbox 2029 1976 2141 2038; x_wconf 89' lang='lat' dir='ltr'>est</span> <span class='ocrx_word' id='word_1_68' title='bbox 2176 1942 2380 2062; x_wconf 89' lang='lat' dir='ltr'>quod</span> <span class='ocrx_word' id='word_1_69' title='bbox 2446 1964 2780 2069; x_wconf 86' lang='lat' dir='ltr'>potestas</span> <span class='ocrx_word' id='word_1_70' title='bbox 2832 1928 2956 2038; x_wconf 89' lang='lat' dir='ltr'>uel</span> <span class='ocrx_word' id='word_1_71' title='bbox 3013 1958 3172 2038; x_wconf 87' lang='lat' dir='ltr'>eius</span> <span class='ocrx_word' id='word_1_72' title='bbox 3226 1956 3481 2039; x_wconf 90' lang='lat' dir='ltr'>locum</span> <span class='ocrx_word' id='word_1_73' title='bbox 3536 1975 3801 2061; x_wconf 84' lang='lat' dir='ltr'>tenens</span> <span class='ocrx_word' id='word_1_74' title='bbox 3855 1983 4013 2037; x_wconf 90' lang='lat' dir='ltr'>non</span> <span class='ocrx_word' id='word_1_75' title='bbox 4055 1958 4311 2062; x_wconf 65' lang='lat' dir='ltr'>,possit</span> 
     </span>
     <span class='ocr_line' id='line_1_11' title="bbox 1117 2112 4310 2224; baseline 0 -29"><span class='ocrx_word' id='word_1_76' title='bbox 1117 2141 1396 2219; x_wconf 91' lang='lat' dir='ltr'>ponere</span> <span class='ocrx_word' id='word_1_77' title='bbox 1452 2114 1775 2220; x_wconf 89' lang='lat' dir='ltr'>aliquam</span> <span class='ocrx_word' id='word_1_78' title='bbox 1829 2142 2227 2220; x_wconf 89' lang='lat' dir='ltr'>personam</span> <span class='ocrx_word' id='word_1_79' title='bbox 2265 2115 2360 2196; x_wconf 91' lang='lat' dir='ltr'>de</span> <span class='ocrx_word' id='word_1_80' title='bbox 2398 2112 2708 2195; x_wconf 87' lang='lat' dir='ltr'>baennis</span> <span class='ocrx_word' id='word_1_81' title='bbox 2787 2114 2911 2194; x_wconf 90' lang='lat' dir='ltr'>uel</span> <span class='ocrx_word' id='word_1_82' title='bbox 2964 2113 3474 2196; x_wconf 89' lang='lat' dir='ltr'>habitatricem</span> <span class='ocrx_word' id='word_1_83' title='bbox 3530 2115 3983 2224; x_wconf 86' lang='lat' dir='ltr'>baennarum</span> <span class='ocrx_word' id='word_1_84' title='bbox 4039 2115 4132 2196; x_wconf 90' lang='lat' dir='ltr'>ad</span> <span class='ocrx_word' id='word_1_85' title='bbox 4186 2143 4310 2221; x_wconf 89' lang='lat' dir='ltr'>pa-</span> 
     </span>
     <span class='ocr_line' id='line_1_12' title="bbox 1116 2270 4312 2379; baseline 0 -26"><span class='ocrx_word' id='word_1_86' title='bbox 1116 2270 1433 2353; x_wconf 91' lang='lat' dir='ltr'>tibulum</span> <span class='ocrx_word' id='word_1_87' title='bbox 1492 2299 1623 2353; x_wconf 90' lang='lat' dir='ltr'>seu</span> <span class='ocrx_word' id='word_1_88' title='bbox 1675 2291 2141 2354; x_wconf 88' lang='lat' dir='ltr'>tormentum</span> <span class='ocrx_word' id='word_1_89' title='bbox 2194 2286 2331 2379; x_wconf 89' lang='lat' dir='ltr'>pro</span> <span class='ocrx_word' id='word_1_90' title='bbox 2386 2272 2639 2378; x_wconf 89' lang='lat' dir='ltr'>aliquo</span> <span class='ocrx_word' id='word_1_91' title='bbox 2693 2270 3068 2354; x_wconf 90' lang='lat' dir='ltr'>maleficio</span> <span class='ocrx_word' id='word_1_92' title='bbox 3122 2271 3245 2354; x_wconf 91' lang='lat' dir='ltr'>uel</span> <span class='ocrx_word' id='word_1_93' title='bbox 3300 2271 3544 2378; x_wconf 90' lang='lat' dir='ltr'>aliqua</span> <span class='ocrx_word' id='word_1_94' title='bbox 3600 2301 3841 2356; x_wconf 89' lang='lat' dir='ltr'>causa.</span> <span class='ocrx_word' id='word_1_95' title='bbox 3900 2273 4067 2354; x_wconf 88' lang='lat' dir='ltr'>nisi·</span> <span class='ocrx_word' id='word_1_96' title='bbox 4106 2273 4312 2378; x_wconf 90' lang='lat' dir='ltr'>prius</span> 
     </span>
     <span class='ocr_line' id='line_1_13' title="bbox 1119 2410 4309 2536; baseline 0 -25"><span class='ocrx_word' id='word_1_97' title='bbox 1119 2410 1186 2511; x_wconf 89' lang='lat' dir='ltr'>ei</span> <span class='ocrx_word' id='word_1_98' title='bbox 1243 2431 1531 2512; x_wconf 90' lang='lat' dir='ltr'>dederit</span> <span class='ocrx_word' id='word_1_99' title='bbox 1585 2430 2134 2512; x_wconf 89' lang='lat' dir='ltr'>deffensionem</span> <span class='ocrx_word' id='word_1_100' title='bbox 2172 2430 2436 2511; x_wconf 90' lang='lat' dir='ltr'>decem</span> <span class='ocrx_word' id='word_1_101' title='bbox 2474 2430 2787 2511; x_wconf 91' lang='lat' dir='ltr'>dierum.</span> <span class='ocrx_word' id='word_1_102' title='bbox 2844 2449 2919 2511; x_wconf 90' lang='lat' dir='ltr'>et</span> <span class='ocrx_word' id='word_1_103' title='bbox 2971 2430 3116 2510; x_wconf 88' lang='lat' dir='ltr'>nisi</span> <span class='ocrx_word' id='word_1_104' title='bbox 3171 2430 3376 2536; x_wconf 91' lang='lat' dir='ltr'>prius</span> <span class='ocrx_word' id='word_1_105' title='bbox 3427 2430 3602 2511; x_wconf 90' lang='lat' dir='ltr'>inde</span> <span class='ocrx_word' id='word_1_106' title='bbox 3659 2431 4054 2536; x_wconf 89' lang='lat' dir='ltr'>cognitum</span> <span class='ocrx_word' id='word_1_107' title='bbox 4091 2428 4309 2511; x_wconf 85' lang='lat' dir='ltr'>fuerit</span> 
     </span>
     <span class='ocr_line' id='line_1_14' title="bbox 1118 2587 4312 2694; baseline 0 -26"><span class='ocrx_word' id='word_1_108' title='bbox 1118 2607 1192 2668; x_wconf 90' lang='lat' dir='ltr'>et</span> <span class='ocrx_word' id='word_1_109' title='bbox 1248 2587 1676 2668; x_wconf 90' lang='lat' dir='ltr'>consultum</span> <span class='ocrx_word' id='word_1_110' title='bbox 1731 2615 1860 2694; x_wconf 90' lang='lat' dir='ltr'>per</span> <span class='ocrx_word' id='word_1_111' title='bbox 1913 2588 2239 2669; x_wconf 90' lang='lat' dir='ltr'>iudicem</span> <span class='ocrx_word' id='word_1_112' title='bbox 2293 2615 2451 2671; x_wconf 90' lang='lat' dir='ltr'>non</span> <span class='ocrx_word' id='word_1_113' title='bbox 2508 2606 2958 2694; x_wconf 88' lang='lat' dir='ltr'>suspectum.</span> <span class='ocrx_word' id='word_1_114' title='bbox 3035 2589 3098 2669; x_wconf 97' lang='lat' dir='ltr'>si</span> <span class='ocrx_word' id='word_1_115' title='bbox 3167 2588 3364 2669; x_wconf 90' lang='lat' dir='ltr'>dicta</span> <span class='ocrx_word' id='word_1_116' title='bbox 3435 2615 3752 2694; x_wconf 87' lang='lat' dir='ltr'>persona</span> <span class='ocrx_word' id='word_1_117' title='bbox 3825 2587 3919 2668; x_wconf 92' lang='lat' dir='ltr'>de</span> <span class='ocrx_word' id='word_1_118' title='bbox 3982 2589 4139 2669; x_wconf 89' lang='lat' dir='ltr'>iure</span> <span class='ocrx_word' id='word_1_119' title='bbox 4196 2607 4312 2669; x_wconf 89' lang='lat' dir='ltr'>est</span> 
     </span>
     <span class='ocr_line' id='line_1_15' title="bbox 1114 2744 4306 2852; baseline -0.001 -26"><span class='ocrx_word' id='word_1_120' title='bbox 1114 2745 1663 2827; x_wconf 90' lang='lat' dir='ltr'>tormentanda.</span> <span class='ocrx_word' id='word_1_121' title='bbox 1718 2744 1841 2827; x_wconf 88' lang='lat' dir='ltr'>uel</span> <span class='ocrx_word' id='word_1_122' title='bbox 1894 2773 2077 2827; x_wconf 87' lang='lat' dir='ltr'>non.</span> <span class='ocrx_word' id='word_1_123' title='bbox 2136 2772 2279 2851; x_wconf 92' lang='lat' dir='ltr'>que</span> <span class='ocrx_word' id='word_1_124' title='bbox 2336 2746 2681 2851; x_wconf 88' lang='lat' dir='ltr'>cognitio</span> <span class='ocrx_word' id='word_1_125' title='bbox 2734 2745 2865 2827; x_wconf 91' lang='lat' dir='ltr'>fiat</span> <span class='ocrx_word' id='word_1_126' title='bbox 2920 2746 3267 2851; x_wconf 86' lang='lat' dir='ltr'>expensis</span> <span class='ocrx_word' id='word_1_127' title='bbox 3301 2747 3531 2852; x_wconf 88' lang='lat' dir='ltr'>partis</span> <span class='ocrx_word' id='word_1_128' title='bbox 3586 2744 4169 2827; x_wconf 87' lang='lat' dir='ltr'>subcumbentis.</span> <span class='ocrx_word' id='word_1_129' title='bbox 4231 2762 4306 2824; x_wconf 90' lang='lat' dir='ltr'>et</span> 
     </span>
     <span class='ocr_line' id='line_1_16' title="bbox 1116 2901 4310 3010; baseline -0 -27"><span class='ocrx_word' id='word_1_130' title='bbox 1116 2904 1260 2984; x_wconf 91' lang='lat' dir='ltr'>nisi</span> <span class='ocrx_word' id='word_1_131' title='bbox 1313 2904 1529 2984; x_wconf 80' lang='lat' dir='ltr'>fuerit</span> <span class='ocrx_word' id='word_1_132' title='bbox 1583 2903 1772 2984; x_wconf 88' lang='lat' dir='ltr'>latro</span> <span class='ocrx_word' id='word_1_133' title='bbox 1824 2903 2184 3010; x_wconf 80' lang='lat' dir='ltr'>publicuS.</span> <span class='ocrx_word' id='word_1_134' title='bbox 2240 2901 2362 2983; x_wconf 90' lang='lat' dir='ltr'>uel</span> <span class='ocrx_word' id='word_1_135' title='bbox 2417 2904 2657 2983; x_wconf 89' lang='lat' dir='ltr'>homo</span> <span class='ocrx_word' id='word_1_136' title='bbox 2696 2901 2892 2983; x_wconf 89' lang='lat' dir='ltr'>male</span> <span class='ocrx_word' id='word_1_137' title='bbox 2948 2902 3169 2983; x_wconf 87' lang='lat' dir='ltr'>fame.</span> <span class='ocrx_word' id='word_1_138' title='bbox 4306 2902 4310 2906; x_wconf 74' lang='grc'><strong><em>’</em></strong></span> 
     </span>
    </p>
   </div>
   <div class='ocr_carea' id='block_1_7' title="bbox 1121 3121 4311 3445">
    <p class='ocr_par' dir='ltr' id='par_1_7' title="bbox 1121 3121 4311 3445">
     <span class='ocr_line' id='line_1_17' title="bbox 1121 3121 4311 3329; baseline 0.001 -42"><span class='ocrx_word' id='word_1_139' title='bbox 1121 3121 1527 3329; x_wconf 79' lang='lat' dir='ltr'>QJoD</span> <span class='ocrx_word' id='word_1_140' title='bbox 1582 3202 2028 3288; x_wconf 70' lang='lat' dir='ltr'>PRocssm</span> <span class='ocrx_word' id='word_1_141' title='bbox 2080 3134 2490 3283; x_wconf 76' lang='lat' dir='ltr'>DEBEAT</span> <span class='ocrx_word' id='word_1_142' title='bbox 2545 3202 2988 3286; x_wconf 81' lang='lat' dir='ltr'>coNTRA</span> <span class='ocrx_word' id='word_1_143' title='bbox 3040 3202 3674 3288; x_wconf 79' lang='lat' dir='ltr'>EXTRANEos</span> <span class='ocrx_word' id='word_1_144' title='bbox 3752 3204 4311 3289; x_wconf 84' lang='lat' dir='ltr'>MALEFICIA</span> 
     </span>
     <span class='ocr_line' id='line_1_18' title="bbox 1416 3359 2289 3445; baseline -0.003 0"><span class='ocrx_word' id='word_1_145' title='bbox 1416 3359 2289 3445; x_wconf 78' lang='lat' dir='ltr'>coMMITTENTEs.</span> 
     </span>
    </p>
   </div>
   <div class='ocr_carea' id='block_1_8' title="bbox 1114 3577 4311 4742">
    <p class='ocr_par' dir='ltr' id='par_1_8' title="bbox 1114 3577 4311 4742">
     <span class='ocr_line' id='line_1_19' title="bbox 1228 3577 4307 3794; baseline -0.001 -24"><span class='ocrx_word' id='word_1_146' title='bbox 1228 3577 1418 3783; x_wconf 45' lang='grc' dir='ltr'>ἐξ</span> <span class='ocrx_word' id='word_1_147' title='bbox 1434 3714 1593 3771; x_wconf 81' lang='grc' dir='ltr'>ΤΕΜ</span> <span class='ocrx_word' id='word_1_148' title='bbox 1648 3706 2007 3769; x_wconf 89' lang='lat' dir='ltr'>statutum</span> <span class='ocrx_word' id='word_1_149' title='bbox 2063 3707 2175 3769; x_wconf 88' lang='lat' dir='ltr'>est</span> <span class='ocrx_word' id='word_1_150' title='bbox 2229 3688 2433 3794; x_wconf 93' lang='lat' dir='ltr'>quod</span> <span class='ocrx_word' id='word_1_151' title='bbox 2490 3689 2551 3769; x_wconf 90' lang='lat' dir='ltr'>si</span> <span class='ocrx_word' id='word_1_152' title='bbox 2608 3687 2850 3793; x_wconf 90' lang='lat' dir='ltr'>aliqua</span> <span class='ocrx_word' id='word_1_153' title='bbox 2910 3714 3230 3794; x_wconf 89' lang='lat' dir='ltr'>persona</span> <span class='ocrx_word' id='word_1_154' title='bbox 3295 3706 3640 3768; x_wconf 85' lang='lat' dir='ltr'>extranea</span> <span class='ocrx_word' id='word_1_155' title='bbox 3692 3688 4130 3793; x_wconf 88' lang='lat' dir='ltr'>percusserit</span> <span class='ocrx_word' id='word_1_156' title='bbox 4183 3688 4307 3768; x_wconf 89' lang='lat' dir='ltr'>uel</span> 
     </span>
     <span class='ocr_line' id='line_1_20' title="bbox 1118 3844 4305 3959; baseline -0.001 -31"><span class='ocrx_word' id='word_1_157' title='bbox 1118 3848 1526 3929; x_wconf 89' lang='lat' dir='ltr'>bussauerit</span> <span class='ocrx_word' id='word_1_158' title='bbox 1578 3845 1699 3928; x_wconf 93' lang='lat' dir='ltr'>uel</span> <span class='ocrx_word' id='word_1_159' title='bbox 1752 3873 2022 3959; x_wconf 20' lang='lat' dir='ltr'>‘manus</span> <span class='ocrx_word' id='word_1_160' title='bbox 2075 3847 2264 3928; x_wconf 89' lang='lat' dir='ltr'>irato</span> <span class='ocrx_word' id='word_1_161' title='bbox 2319 3847 2577 3927; x_wconf 86' lang='lat' dir='ltr'>animo</span> <span class='ocrx_word' id='word_1_162' title='bbox 2646 3844 2856 3928; x_wconf 88' lang='lat' dir='ltr'>aliter</span> <span class='ocrx_word' id='word_1_163' title='bbox 2908 3847 3239 3927; x_wconf 89' lang='lat' dir='ltr'>iniecerit</span> <span class='ocrx_word' id='word_1_164' title='bbox 3275 3846 3352 3926; x_wconf 90' lang='lat' dir='ltr'>in</span> <span class='ocrx_word' id='word_1_165' title='bbox 3390 3845 3714 3951; x_wconf 89' lang='lat' dir='ltr'>aliquam</span> <span class='ocrx_word' id='word_1_166' title='bbox 3764 3871 4164 3951; x_wconf 88' lang='lat' dir='ltr'>personam</span> <span class='ocrx_word' id='word_1_167' title='bbox 4209 3845 4305 3926; x_wconf 92' lang='lat' dir='ltr'>de</span> 
     </span>
     <span class='ocr_line' id='line_1_21' title="bbox 1114 4002 4311 4111; baseline -0.001 -25"><span class='ocrx_word' id='word_1_168' title='bbox 1114 4005 1424 4087; x_wconf 90' lang='lat' dir='ltr'>baennis</span> <span class='ocrx_word' id='word_1_169' title='bbox 1478 4032 1610 4087; x_wconf 91' lang='lat' dir='ltr'>seu</span> <span class='ocrx_word' id='word_1_170' title='bbox 1663 4005 1766 4086; x_wconf 91' lang='lat' dir='ltr'>ibi</span> <span class='ocrx_word' id='word_1_171' title='bbox 1819 4005 2279 4087; x_wconf 89' lang='lat' dir='ltr'>habitantem</span> <span class='ocrx_word' id='word_1_172' title='bbox 2331 4002 2455 4085; x_wconf 93' lang='lat' dir='ltr'>uel</span> <span class='ocrx_word' id='word_1_173' title='bbox 2509 4003 2719 4086; x_wconf 87' lang='lat' dir='ltr'>aliter</span> <span class='ocrx_word' id='word_1_174' title='bbox 2773 4004 3172 4085; x_wconf 89' lang='lat' dir='ltr'>offenderit</span> <span class='ocrx_word' id='word_1_175' title='bbox 3225 4004 3303 4084; x_wconf 92' lang='lat' dir='ltr'>in</span> <span class='ocrx_word' id='word_1_176' title='bbox 3357 4030 3779 4111; x_wconf 90' lang='lat' dir='ltr'>personam.</span> <span class='ocrx_word' id='word_1_177' title='bbox 3837 4021 3913 4085; x_wconf 90' lang='lat' dir='ltr'>et</span> <span class='ocrx_word' id='word_1_178' title='bbox 3965 4002 4092 4083; x_wconf 86' lang='lat' dir='ltr'>illa</span> <span class='ocrx_word' id='word_1_179' title='bbox 4143 4029 4311 4109; x_wconf 92' lang='lat' dir='ltr'>per-</span> 
     </span>
     <span class='ocr_line' id='line_1_22' title="bbox 1119 4127 4308 4245; baseline -0.002 0"><span class='ocrx_word' id='word_1_180' title='bbox 1119 4191 1301 4245; x_wconf 89' lang='lat' dir='ltr'>sona</span> <span class='ocrx_word' id='word_1_181' title='bbox 1360 4182 1704 4245; x_wconf 86' lang='lat' dir='ltr'>extranea</span> <span class='ocrx_word' id='word_1_182' title='bbox 1739 4191 1897 4245; x_wconf 90' lang='lat' dir='ltr'>non</span> <span class='ocrx_word' id='word_1_183' title='bbox 1936 4163 2244 4245; x_wconf 90' lang='lat' dir='ltr'>soluerit</span> <span class='ocrx_word' id='word_1_184' title='bbox 2279 4163 2452 4244; x_wconf 91' lang='lat' dir='ltr'>inde</span> <span class='ocrx_word' id='word_1_185' title='bbox 2489 4161 2844 4244; x_wconf 89' lang='lat' dir='ltr'>bannum.</span> <span class='ocrx_word' id='word_1_186' title='bbox 2883 4162 3005 4244; x_wconf 92' lang='lat' dir='ltr'>uel</span> <span class='ocrx_word' id='word_1_187' title='bbox 3056 4161 3484 4243; x_wconf 88' lang='lat' dir='ltr'>satisfecerit</span> <span class='ocrx_word' id='word_1_188' title='bbox 3535 4127 3946 4243; x_wconf 84' lang='lat' dir='ltr'>secundum</span> <span class='ocrx_word' id='word_1_189' title='bbox 3982 4159 4308 4241; x_wconf 87' lang='lat' dir='ltr'>formam</span> 
     </span>
     <span class='ocr_line' id='line_1_23' title="bbox 1117 4291 4311 4426; baseline -0.001 -24"><span class='ocrx_word' id='word_1_190' title='bbox 1117 4291 1619 4426; x_wconf 60' lang='lat' dir='ltr'>capitulorum*</span> <span class='ocrx_word' id='word_1_191' title='bbox 1666 4342 1741 4403; x_wconf 89' lang='lat' dir='ltr'>et</span> <span class='ocrx_word' id='word_1_192' title='bbox 1796 4322 2516 4403; x_wconf 89' lang='lat' dir='ltr'>ordinamentorum.</span> <span class='ocrx_word' id='word_1_193' title='bbox 2574 4321 2780 4426; x_wconf 93' lang='lat' dir='ltr'>quod</span> <span class='ocrx_word' id='word_1_194' title='bbox 2837 4321 2933 4401; x_wconf 87' lang='lat' dir='ltr'>sit</span> <span class='ocrx_word' id='word_1_195' title='bbox 2986 4319 3288 4401; x_wconf 90' lang='lat' dir='ltr'>bannita</span> <span class='ocrx_word' id='word_1_196' title='bbox 3327 4337 3402 4401; x_wconf 92' lang='lat' dir='ltr'>et</span> <span class='ocrx_word' id='word_1_197' title='bbox 3437 4319 3787 4401; x_wconf 87' lang='lat' dir='ltr'>forestata</span> <span class='ocrx_word' id='word_1_198' title='bbox 3840 4319 4015 4401; x_wconf 91' lang='lat' dir='ltr'>uille</span> <span class='ocrx_word' id='word_1_199' title='bbox 4067 4339 4143 4401; x_wconf 94' lang='lat' dir='ltr'>et</span> <span class='ocrx_word' id='word_1_200' title='bbox 4180 4344 4311 4400; x_wconf 90' lang='lat' dir='ltr'>co-</span> 
     </span>
     <span class='ocr_line' id='line_1_24' title="bbox 1117 4476 4309 4587; baseline 0 -28"><span class='ocrx_word' id='word_1_201' title='bbox 1117 4481 1368 4561; x_wconf 90' lang='lat' dir='ltr'>munis</span> <span class='ocrx_word' id='word_1_202' title='bbox 1421 4480 1901 4562; x_wconf 86' lang='lat' dir='ltr'>baennarum.</span> <span class='ocrx_word' id='word_1_203' title='bbox 1960 4499 2035 4561; x_wconf 89' lang='lat' dir='ltr'>et</span> <span class='ocrx_word' id='word_1_204' title='bbox 2088 4479 2605 4587; x_wconf 90' lang='lat' dir='ltr'>preconizetur</span> <span class='ocrx_word' id='word_1_205' title='bbox 2659 4495 2735 4559; x_wconf 89' lang='lat' dir='ltr'>et</span> <span class='ocrx_word' id='word_1_206' title='bbox 2788 4477 3141 4558; x_wconf 88' lang='lat' dir='ltr'>habeatur</span> <span class='ocrx_word' id='word_1_207' title='bbox 3197 4478 3275 4557; x_wconf 92' lang='lat' dir='ltr'>in</span> <span class='ocrx_word' id='word_1_208' title='bbox 3328 4478 3593 4561; x_wconf 88' lang='lat' dir='ltr'>bannis</span> <span class='ocrx_word' id='word_1_209' title='bbox 3646 4477 3739 4558; x_wconf 94' lang='lat' dir='ltr'>de</span> <span class='ocrx_word' id='word_1_210' title='bbox 3795 4476 4171 4559; x_wconf 89' lang='lat' dir='ltr'>maleficio</span> <span class='ocrx_word' id='word_1_211' title='bbox 4232 4498 4309 4560; x_wconf 89' lang='lat' dir='ltr'>et</span> 
     </span>
     <span class='ocr_line' id='line_1_25' title="bbox 1120 4633 3024 4742; baseline 0 -27"><span class='ocrx_word' id='word_1_212' title='bbox 1120 4654 1343 4718; x_wconf 90' lang='lat' dir='ltr'>strata</span> <span class='ocrx_word' id='word_1_213' title='bbox 1396 4655 1607 4742; x_wconf 90' lang='lat' dir='ltr'>rupta</span> <span class='ocrx_word' id='word_1_214' title='bbox 1660 4635 1845 4718; x_wconf 88' lang='lat' dir='ltr'>infra</span> <span class='ocrx_word' id='word_1_215' title='bbox 1898 4664 2000 4716; x_wconf 84' lang='lat' dir='ltr'>xv</span> <span class='ocrx_word' id='word_1_216' title='bbox 2054 4636 2216 4717; x_wconf 90' lang='lat' dir='ltr'>dies</span> <span class='ocrx_word' id='word_1_217' title='bbox 2266 4654 2442 4742; x_wconf 90' lang='lat' dir='ltr'>post</span> <span class='ocrx_word' id='word_1_218' title='bbox 2497 4633 3024 4715; x_wconf 87' lang='lat' dir='ltr'>offensionem.</span> 
     </span>
    </p>
   </div>
   <div class='ocr_carea' id='block_1_9' title="bbox 1124 4855 4308 5176">
    <p class='ocr_par' dir='ltr' id='par_1_9' title="bbox 1124 4855 4308 5176">
     <span class='ocr_line' id='line_1_26' title="bbox 1124 4855 4308 5060; baseline -0.002 -38"><span class='ocrx_word' id='word_1_219' title='bbox 1124 4855 1351 5022; x_wconf 84' lang='lat' dir='ltr'>DE</span> <span class='ocrx_word' id='word_1_220' title='bbox 1418 4934 1671 5021; x_wconf 87' lang='lat' dir='ltr'>RIXA</span> <span class='ocrx_word' id='word_1_221' title='bbox 1740 4933 2038 5019; x_wconf 90' lang='lat' dir='ltr'><strong>ORTA</strong></span> <span class='ocrx_word' id='word_1_222' title='bbox 2108 4933 2423 5016; x_wconf 88' lang='lat' dir='ltr'><strong>INTER</strong></span> <span class='ocrx_word' id='word_1_223' title='bbox 2496 4924 2965 5016; x_wconf 89' lang='lat' dir='ltr'>NUNCIOS</span> <span class='ocrx_word' id='word_1_224' title='bbox 3025 4934 3414 5017; x_wconf 89' lang='lat' dir='ltr'>DOMINI</span> <span class='ocrx_word' id='word_1_225' title='bbox 3465 4934 3922 5019; x_wconf 90' lang='lat' dir='ltr'>EPISCOPI</span> <span class='ocrx_word' id='word_1_226' title='bbox 3979 4952 4115 5060; x_wconf 86' lang='lat'>(1)</span> <span class='ocrx_word' id='word_1_227' title='bbox 4169 4936 4308 5017; x_wconf 87' lang='grc' dir='ltr'>ΕΤ</span> 
     </span>
     <span class='ocr_line' id='line_1_27' title="bbox 1438 5091 2646 5176; baseline -0.002 -1"><span class='ocrx_word' id='word_1_228' title='bbox 1438 5092 1912 5176; x_wconf 86' lang='lat' dir='ltr'>HOMINES</span> <span class='ocrx_word' id='word_1_229' title='bbox 1965 5091 2646 5176; x_wconf 91' lang='lat' dir='ltr'>BAENNARUM.</span> 
     </span>
    </p>
   </div>
   <div class='ocr_carea' id='block_1_10' title="bbox 1113 5308 4310 5693">
    <p class='ocr_par' dir='ltr' id='par_1_10' title="bbox 1113 5308 4310 5693">
     <span class='ocr_line' id='line_1_28' title="bbox 1228 5308 4310 5533; baseline -0.003 -19"><span class='ocrx_word' id='word_1_230' title='bbox 1228 5308 1591 5514; x_wconf 47' lang='grc' dir='ltr'>ἔξω</span> <span class='ocrx_word' id='word_1_231' title='bbox 1645 5446 2004 5509; x_wconf 90' lang='lat' dir='ltr'>statutum</span> <span class='ocrx_word' id='word_1_232' title='bbox 2059 5443 2174 5508; x_wconf 90' lang='lat' dir='ltr'>est</span> <span class='ocrx_word' id='word_1_233' title='bbox 2227 5427 2434 5533; x_wconf 93' lang='lat' dir='ltr'>quod</span> <span class='ocrx_word' id='word_1_234' title='bbox 2491 5427 2553 5508; x_wconf 95' lang='lat' dir='ltr'>si</span> <span class='ocrx_word' id='word_1_235' title='bbox 2609 5425 2851 5532; x_wconf 89' lang='lat' dir='ltr'>aliqua</span> <span class='ocrx_word' id='word_1_236' title='bbox 2903 5426 3060 5506; x_wconf 86' lang='lat' dir='ltr'>rixa</span> <span class='ocrx_word' id='word_1_237' title='bbox 3113 5425 3234 5507; x_wconf 92' lang='lat' dir='ltr'>uel</span> <span class='ocrx_word' id='word_1_238' title='bbox 3290 5426 3679 5507; x_wconf 90' lang='lat' dir='ltr'>contentio</span> <span class='ocrx_word' id='word_1_239' title='bbox 3734 5425 4048 5506; x_wconf 89' lang='lat' dir='ltr'>oriretur</span> <span class='ocrx_word' id='word_1_240' title='bbox 4102 5425 4310 5532; x_wconf 93' lang='lat' dir='ltr'>quod</span> 
     </span>
     <span class='ocr_line' id='line_1_29' title="bbox 1113 5582 4308 5693; baseline -0.002 -24"><span class='ocrx_word' id='word_1_241' title='bbox 1113 5587 1301 5669; x_wconf 89' lang='lat' dir='ltr'>deus</span> <span class='ocrx_word' id='word_1_242' title='bbox 1328 5604 1609 5668; x_wconf 87' lang='lat' dir='ltr'>auertat</span> <span class='ocrx_word' id='word_1_243' title='bbox 1646 5587 1836 5667; x_wconf 90' lang='lat' dir='ltr'>inter</span> <span class='ocrx_word' id='word_1_244' title='bbox 1871 5585 2196 5691; x_wconf 89' lang='lat' dir='ltr'>aliquem</span> <span class='ocrx_word' id='word_1_245' title='bbox 2233 5585 2590 5665; x_wconf 89' lang='lat' dir='ltr'>nuncium</span> <span class='ocrx_word' id='word_1_246' title='bbox 2618 5583 2754 5693; x_wconf 86' lang='lat'>(2)</span> <span class='ocrx_word' id='word_1_247' title='bbox 2782 5584 3074 5665; x_wconf 91' lang='lat' dir='ltr'>domini</span> <span class='ocrx_word' id='word_1_248' title='bbox 3114 5584 3440 5691; x_wconf 89' lang='lat' dir='ltr'>episcopi</span> <span class='ocrx_word' id='word_1_249' title='bbox 3479 5583 3792 5667; x_wconf 90' lang='lat' dir='ltr'>astensis</span> <span class='ocrx_word' id='word_1_250' title='bbox 3830 5600 4157 5663; x_wconf 89' lang='lat' dir='ltr'>stantem</span> <span class='ocrx_word' id='word_1_251' title='bbox 4184 5582 4308 5663; x_wconf 89' lang='lat' dir='ltr'>uel</span> 
     </span>
    </p>
   </div>
  </div>
 </body>
</html>
