5117 6834
350 759 437 839 53

352 1753 447 1832 54

352 3534 440 3613 55

2191 352 2344 454 XI

693 663 1095 871 QOD
1150 748 1548 830 NULLUS
1600 748 2079 833 ELECTOR
2133 750 2490 833 POSSIT
2543 753 2659 834 SE
2713 752 3158 838 ELIGERE.
3308 799 3315 806 ·

816 960 1006 1162 Q
1026 1075 1182 1131 TEM
1237 1068 1591 1130 statutum
1647 1068 1754 1130 est
1822 1051 2024 1157 quod
2086 1050 2332 1132 nullus
2386 1051 2666 1133 elector
2728 1052 2850 1134 uel
2915 1052 3254 1135 officialis
3321 1055 3560 1160 possit
3614 1080 3693 1134 se
3758 1052 3882 1135 eli-

713 1234 888 1312 gere
943 1207 1035 1287 ad
1090 1207 1390 1313 aliquod
1428 1207 1786 1290 officium.
1827 1227 1901 1288 et
1939 1209 2000 1289 si
2036 1235 2116 1291 se
2154 1209 2464 1316 elegerit
2492 1209 2762 1291 electio
2798 1211 2893 1291 sit
2928 1209 3201 1292 nullius
3253 1210 3549 1292 ualoris.
3607 1209 3880 1291 eodem

713 1364 950 1445 modo
1004 1364 1247 1446 nullus
1302 1393 1391 1445 ex
1449 1365 1889 1447 electoribus
1924 1367 2161 1471 possit
2197 1366 2376 1473 eligi
2432 1367 2524 1448 ab
2581 1369 2740 1450 eius
2776 1369 3000 1450 sociis
3036 1369 3129 1450 ad
3167 1367 3467 1474 aliquod
3497 1366 3877 1467 officium.

687 1686 1092 1892 QJOD
1173 1767 1411 1850 NON
1462 1768 1809 1851 DETUR
1862 1770 2363 1853 DEFENSIO
2417 1771 2760 1854 ALICUI
2813 1772 3418 1870 ANTEQUAM
3471 1772 3858 1857 PROBA-

1106 1926 1337 2006 TUM
1390 1926 1571 2006 SIT.

832 2157 1003 2331 ξιξ
1029 2235 1185 2292 ΤΕΜ
1240 2229 1594 2290 statutum
1652 2231 1764 2292 est
1819 2210 2020 2316 quod
2075 2238 2232 2291 non
2286 2211 2523 2315 possit
2548 2175 2556 2183 ι
2578 2210 2732 2290 dari
2796 2208 2945 2290 ulla
3017 2209 3382 2290 deflensio
3447 2207 3663 2288 alicui
3726 2234 3882 2313 per-

715 2394 898 2449 sone
953 2367 1048 2447 de
1103 2367 1351 2472 aliquo
1408 2366 1657 2449 banno
1711 2367 1832 2448 uel
1889 2367 2144 2449 ofensa
2201 2395 2331 2449 seu
2386 2367 2480 2447 de
2535 2366 2786 2472 aliquo
2840 2367 3036 2447 facto
3070 2393 3200 2472 per
3235 2366 3553 2446 modum
3607 2364 3880 2446 denun-

714 2526 1054 2606 ciationis
1109 2525 1608 2631 inquisitionis
1660 2525 1781 2606 uel
1834 2526 2323 2607 accusationis
2379 2552 2508 2606 seu
2564 2525 2860 2606 alterius
2914 2526 3438 2629 cuiuscumque
3490 2549 3881 2629 processus

715 2702 971 2763 contra
1026 2684 1261 2788 ipsam
1315 2706 1711 2788 personam
1766 2682 1934 2764 facti
1973 2710 2186 2789 super
2223 2708 2374 2789 quo
2410 2684 2818 2764 necessaria
2874 2684 2968 2763 sit
3020 2680 3362 2787 probatio
3396 2681 3699 2762 testium
3737 2681 3878 2761 nisi

713 2841 912 2943 prius
965 2837 1151 2920 facta
1205 2838 1419 2920 fuerit
1474 2867 1687 2945 super
1741 2840 2072 2945 predicto
2126 2841 2321 2921 facto
2360 2859 2616 2920 contra
2653 2840 2927 2921 dictam
2981 2865 3378 2945 personam
3433 2838 3878 2943 inculpatam

714 2996 1052 3101 probatio
1108 2997 1441 3102 legitima
1520 2997 1642 3078 uel
1725 2997 1985 3078 saltem
2068 2997 2494 3103 semiplena.
2605 2997 2807 3104 quod
2889 2996 3289 3102 capitulum
3342 3015 3498 3076 tam
3549 3014 3880 3102 potestas

713 3181 936 3258 quam
991 3155 1320 3234 notarius
1376 3156 1571 3234 curie
1627 3154 2075 3235 baennarum
2129 3156 2520 3235 obseruare
2577 3172 2962 3236 teneantur
3019 3155 3454 3248 iuramento,

689 3465 1092 3673 QJOD
1174 3549 1526 3631 OMNIA
1606 3549 2049 3631 PLACITA
2121 3551 2702 3635 ORDINARIA
2771 3551 3254 3634 DEBEANT
3309 3551 3498 3635 PER
3553 3550 3858 3632 POTE-

1108 3707 1531 3788 STATEM
1584 3707 1932 3791 AUDIRI
2014 3710 2148 3790 ET
2205 3709 2765 3791 COGNOSCI.

831 3933 992 4108 ἐξ
1034 4020 1191 4075 TEM
1245 4013 1599 4076 statutum
1663 4015 1775 4077 est
1837 3996 2038 4102 quod
2100 3994 2364 4102 placita
2428 3996 2791 4076 ordinaria
2853 3994 3170 4076 debeant
3230 4022 3358 4100 per
3433 4014 3882 4100 potestatem

716 4151 948 4231 audiri
1005 4170 1077 4230 et
1132 4154 1515 4256 cognosci.
1599 4172 1672 4233 et
1726 4152 2048 4233 diffiniri.
2106 4172 2181 4233 et
2234 4153 2470 4258 possit
2523 4151 2830 4258 probare
2886 4151 3069 4233 infra
3121 4179 3280 4234 xxx
3369 4152 3529 4232 dies
3600 4172 3673 4233 et
3727 4180 3882 4233 non

716 4308 903 4389 ultra
957 4310 1282 4415 exceptis
1334 4308 1593 4391 diebus
1619 4310 2016 4391 dominicis
2071 4329 2145 4391 et
2180 4308 2463 4391 festiuis
2488 4309 3074 4415 appostolorum.
3116 4329 3189 4390 et
3242 4298 3394 4390 hoc'
3441 4336 3597 4390 non
3649 4310 3886 4415 possit

718 4468 1085 4547 remoueri
1141 4466 1500 4547 conscilio
1552 4467 1673 4547 uel
1728 4467 1875 4548 alio
1929 4467 2190 4548 modo,
2231 4486 2304 4547 et
2347 4468 2586 4573 possit
2638 4494 2984 4548 reuocare
3041 4494 3169 4549 seu
3204 4466 3562 4573 appellare
3600 4466 3723 4547 ille
3760 4468 3885 4572 qui

724 4622 1180 4704 succubuerit
1232 4651 1274 4703 a
1330 4624 1450 4704 die
1506 4626 1866 4745 sententie
1932 4624 2074 4704 late
2154 4651 2389 4730 usque
2443 4624 2537 4705 ad
2593 4651 2646 4706 x
2701 4624 2862 4705 dies
2928 4644 3001 4705 et
3066 4650 3222 4705 non
3303 4624 3511 4705 ultra.
3597 4644 3670 4704 et
3723 4651 3887 4730 pro-

723 4781 981 4861 cedere
1036 4783 1218 4862 intra
1274 4808 1509 4862 unum
1547 4809 1887 4862 mensem
1943 4783 2003 4862 si
2059 4809 2273 4862 causa
2309 4781 2527 4863 fuerit
2581 4809 2623 4861 a
2678 4781 2939 4897 solidis
2991 4808 3039 4863 c
3102 4781 3307 4862 insta.
3367 4801 3441 4863 et
3494 4781 3587 4862 de
3631 4780 3889 4862 solidis

724 4964 772 5019 c
827 4959 901 5018 et
955 4966 1167 5045 supra
1240 4937 1421 5019 infra
1475 4940 1668 5021 duos
1722 4966 2017 5021 menses
2099 4959 2171 5021 et
2252 4939 2439 5021 ultra
2493 4939 2758 5020 debeat
2809 4956 3139 5045 potestas
3193 4965 3328 5020 eos
3381 4939 3887 5043 constringere

726 5112 799 5173 et
855 5097 1297 5177 sententiam
1351 5097 1700 5179 mandare
1757 5099 2199 5178 executioni.
2258 5116 2331 5177 et
2386 5127 2429 5177 a
2484 5096 2746 5178 solidis
2799 5123 2852 5178 x
2907 5095 3088 5177 infra
3143 5123 3299 5177 non
3360 5097 3598 5201 possit
3650 5094 3890 5201 appel-

727 5250 872 5332 lare
929 5279 1059 5333 seu
1111 5280 1455 5334 reuocare
1512 5256 1591 5334 in
1644 5255 1883 5335 causis
1936 5254 2293 5336 ciuilibus.
2344 5274 2419 5335 et
2472 5273 2805 5361 potestas
2858 5272 3189 5335 teneatur
3245 5273 3319 5335 et
3372 5252 3636 5334 debeat
3698 5253 3891 5357 ipsas

725 5435 981 5489 causas
1005 5409 1350 5515 1(ἰίΗὶῐιὶῐεῐ
1407 5439 1580 5493 cum
1635 5412 1994 5494 conscilio
2052 5413 2402 5518 sapientis
2455 5414 2516 5493 si
2571 5415 2664 5492 ab
2725 5439 2871 5492 una
2950 5429 3153 5516 parte
3226 5411 3440 5491 tuerit
3501 5411 3892 5515 requisitus

731 5568 1071 5671 expensis
1105 5569 1480 5674 utriusque
1533 5571 1780 5675 partis.
