5117 6834
761 800 907 878 374

760 3472 898 3552 375

763 5132 909 5234 376

1145 712 1548 920 QJOD
1606 791 1783 872 VIA
1836 791 2091 871 MALI
2144 791 2739 908 COMPATRIS
2796 791 3012 887 QUE
3048 791 3236 871 EST
3281 789 3611 916 IUXTA
3662 723 4109 873 l³ONTEM
4160 792 4318 873 RE-

1460 951 1905 1033 MANEAT
1957 951 2493 1031 EXPEDITA.

1269 1167 1618 1371 Quam
1677 1260 2032 1323 statutum
2090 1259 2201 1321 est
2264 1241 2467 1345 quod
2525 1242 2644 1321 uia
2700 1240 2876 1321 mali
2933 1245 3333 1346 compatris
3388 1270 3531 1347 que
3588 1262 3700 1323 est
3755 1245 3957 1323 iuxta
4025 1243 4317 1324 fontem

1149 1401 1412 1482 debeat
1487 1401 1818 1507 expediri
1876 1420 1948 1480 et
2005 1399 2344 1505 expedita
2418 1426 2821 1480 remanere.
2905 1427 3138 1505 usque
3222 1401 3297 1479 in
3382 1398 3617 1481 fondo
3674 1401 4174 1483 mondalauie.
4232 1403 4325 1482 Et

1148 1559 1352 1665 quod
1409 1558 1776 1663 eligantur
1830 1579 1980 1637 tres
2034 1558 2382 1638 homines
2444 1559 2571 1661 qui
2627 1557 2940 1636 debeant
2999 1577 3071 1636 et
3153 1576 3539 1638 teneantur
3595 1558 3985 1662 designare
4043 1559 4322 1639 dictam

1149 1717 1352 1796 uiam
1409 1735 1482 1795 et
1540 1717 1949 1795 secundum
2005 1715 2206 1819 quod
2264 1743 2392 1819 per
2443 1716 2652 1819 ipsos
2706 1733 2855 1794 tres
2911 1714 3298 1819 designata
3354 1716 3569 1795 fuerit
3626 1715 3890 1795 debeat
3962 1717 4324 1796 remaneri

1148 1894 1222 1954 et
1277 1875 1510 1954 teneri
1569 1902 1609 1952 a
1666 1875 2134 1953 consortibus
2174 1874 2401 1977 ipsius
2455 1875 2575 1952 uie
2633 1872 2997 1976 expedita.
3040 1893 3113 1952 et
3152 1875 3276 1978 qui
3317 1873 3831 1954 contrafecerit
3871 1901 4000 1954 seu
4039 1874 4314 1975 dictam

1147 2034 1349 2112 viam
1406 2031 1824 2136 impedierit
1879 2030 1997 2109 uel
2054 2030 2392 2135 impediri
2450 2030 2723 2110 fecerit.
2784 2030 3026 2110 soluat
3079 2058 3216 2135 pro
3271 2059 3459 2136 pena
3517 2053 3589 2111 et
3646 2033 3897 2112 banno
3953 2060 4088 2137 pro
4144 2060 4324 2136 quo-

1147 2191 1325 2270 libet
1381 2209 1453 2269 et
1509 2189 1834 2294 qualibet
1891 2191 2051 2268 uice
2110 2187 2397 2268 solidos
2477 2215 2595 2268 Lx.
2674 2206 2747 2268 et
2831 2189 3154 2294 quelibet
3210 2216 3527 2293 persona
3585 2190 3781 2269 bone
3838 2189 4031 2269 fame
4088 2192 4325 2293 possit

1145 2348 1318 2428 inde
1372 2374 1713 2427 accusare
1771 2346 2380 2426 contrafacientes
2438 2365 2510 2425 et
2568 2349 2635 2426 ei
2693 2348 3110 2426 iuramento
3186 2347 3543 2427 credatur.
3621 2349 3713 2427 Et
3769 2347 4127 2427 dominus
4181 2376 4322 2451 po-

1146 2525 1372 2586 testas
1428 2506 1662 2610 possit
1719 2504 1890 2584 inde
1947 2505 2309 2609 inquirere
2369 2503 2459 2582 ad
2519 2531 2729 2583 suam
2785 2504 3275 2584 uoluntatem.
3355 2523 3427 2583 et
3503 2506 3561 2583 si
3621 2525 3996 2609 caperetur
4051 2505 4325 2611 aliquid

1146 2663 1240 2743 de
1294 2663 1892 2768 possessionibus
1955 2662 2262 2743 alicuius
2316 2690 2631 2767 persone
2706 2689 2843 2767 pro
2899 2662 3093 2742 dicta
3160 2663 3281 2741 uia
3351 2662 3682 2742 facienda
3749 2664 4144 2782 extimetur
4198 2692 4326 2769 per

1148 2822 1390 2902 dictos
1443 2823 1614 2901 tres.
1675 2841 1747 2900 et
1805 2821 2210 2900 secundum
2270 2820 2473 2925 quod
2533 2821 3054 2900 extimauerint
3095 2819 3423 2899 soluatur
3477 2847 3606 2925 per
3662 2848 3985 2902 comune
4025 2814 4129 2902 illi
4172 2851 4325 2927 per-

1151 3005 1336 3059 sone
1392 2973 1867 3058 cuiuskfuerit
1923 2977 2115 3058 dicta
2170 2979 2547 3082 possessio
2606 2996 2835 3082 capta.

1148 3392 1372 3558 DE
1405 3471 1912 3553 *PERSONIS
1966 3470 2542 3551 DETEMPTIS
2597 3470 2787 3554 PER
2840 3470 3443 3553 FAMILIARES
3499 3469 4163 3551 POTESTATIS.

1271 3688 1622 3892 ffi‘rss‘m
1679 3785 2032 3846 statutum
2109 3786 2218 3846 est
2282 3764 2486 3871 quod
2541 3793 2856 3869 persone
2915 3785 3122 3871 capte
3179 3787 3251 3846 et
3307 3768 3685 3873 detempte
3739 3796 3869 3873 per
3923 3768 4320 3848 dominum

1147 3943 1593 4029 potestatem
1652 3944 1725 4005 et
1781 3926 1940 4004 eius
1993 3923 2409 4004 familiares.
2468 3924 2875 4004 occaxione
2930 3925 3238 4005 alicuius
3292 3925 3517 4006 banni
3575 3926 3778 4031 quod
3839 3927 4134 4007 soluere
4191 3929 4324 4009 de·
4381 3895 4385 3901 .

1148 4084 1353 4164 beret
1408 4085 1602 4163 curie
1645 4086 2110 4163 'baennarum
2167 4082 2449 4163 nullam
2507 4083 2964 4163 solutionem
3022 4083 3287 4164 habere
3361 4086 3649 4190 possint
3705 4113 3745 4164 a
3801 4114 4115 4190 persona
4169 4114 4327 4191 pre-

1150 4243 1345 4323 dicta
1400 4241 1801 4345 detempta.
1861 4241 2071 4322 saluo
2127 4241 2328 4344 quod
2389 4243 2450 4320 si
2506 4240 2953 4321 detineretur
3008 4242 3100 4321 ad
3158 4243 3584 4322 instantiam
3622 4243 3930 4323 alicuius
3981 4270 4321 4347 persone.

1150 4401 1465 4480 habeant
1519 4426 1656 4504 pro
1713 4400 1872 4479 eius
1927 4398 2260 4479 custodia
2317 4400 2392 4477 in
2451 4399 2571 4478 die
2629 4416 2701 4477 et
2756 4417 2977 4479 nocte
3045 4399 3389 4479 denarios
3443 4426 3593 4479 vm.
3654 4420 3727 4478 et
3783 4400 3971 4480 ultra
4031 4403 4326 4505 quanti-

1148 4576 1380 4637 tatem
1435 4556 1838 4661 predictam
1895 4555 2168 4660 aliquid
2224 4555 2491 4635 habere
2548 4582 2704 4634 non
2758 4557 3070 4659 possint.
3129 4556 3378 4660 aliquo
3435 4555 3758 4661 capitulo
3814 4556 4008 4636 facto
4046 4559 4122 4637 in
4153 4586 4326 4638 con·

1153 4716 1453 4795 trarium
1512 4741 1666 4794 non
1726 4715 2087 4794 obstante.

1146 5078 1368 5244 DE
1423 5154 1888 5238 DOMIBUS
1944 5152 2613 5235 COPERIENDIS
2673 5151 2807 5232 DE
2864 5151 3158 5233 COPIS
3212 5150 3409 5231 UEL
3464 5149 3919 5232 TEGULIS.

1286 5388 1447 5563 ἒξ
1477 5478 1633 5533 TEM
1690 5471 2046 5533 statutum
2103 5470 2216 5530 est
2272 5451 2474 5556 quod
2532 5451 2774 5556 aliqua
2810 5479 3121 5555 persona
3178 5454 3270 5532 de
3328 5453 3635 5533 baennis
3672 5452 3792 5533 uel
3829 5454 3928 5533 ibi
3988 5453 4328 5535 habitans

1151 5638 1307 5692 non
1361 5611 1599 5716 possit
1657 5637 1792 5690 nec
1848 5609 2112 5689 debeat
2169 5607 2410 5688 locare
2469 5636 2598 5689 seu
2655 5609 2747 5688 ad
2789 5608 3100 5689 loerium
3141 5609 3311 5689 dare
3351 5611 3470 5691 uel
3507 5611 3958 5691 acomodare
3996 5610 4320 5715 aliquam
