5117 6834
364 746 513 822 321

363 3376 508 3500 322

2083 322 2581 424 LXXVII

746 631 1150 840 QJOD
1181 719 1693 815 QUELIBET
1721 711 2196 803 PER'SONA
2225 659 2582 805 POSSIT
2608 727 3273 811 DENUNCIARE
3310 730 3443 808 DE
3473 731 3923 812 DAMPNO
3958 782 3962 786 <

1061 877 1240 957 SIBI
1306 878 1627 958 DATO.

871 1089 1234 1291 Quam
1291 1211 1648 1272 statutum
1708 1211 1819 1272 est
1892 1194 2098 1297 quod
2157 1193 2480 1298 quelibet
2537 1195 2774 1297 possit
2855 1194 3299 1274 denunciare
3367 1196 3685 1276 domino
3742 1218 3947 1302 pote-

762 1351 927 1428 stati
988 1369 1060 1428 et
1118 1352 1313 1430 curie
1372 1350 1823 1430 baennarum
1882 1351 1974 1429 de
2032 1356 2242 1430 omni
2301 1351 2632 1454 dampno
2691 1353 2827 1434 sibi
2882 1351 3058 1430 dato
3118 1352 3233 1431 uel
3294 1352 3488 1432 facto
3565 1355 3636 1432 in
3705 1356 3946 1459 aliqua

629 1582 633 1586 .
761 1533 888 1584 sua
946 1508 1419 1610 possessione
1477 1506 1595 1587 uel
1652 1534 1728 1587 re
1787 1533 1915 1587 seu
1973 1506 2322 1586 fructibus
2379 1506 2560 1586 infra
2600 1536 2699 1586 xv
2740 1508 2899 1588 dies
2936 1527 3332 1612 postquam
3373 1510 3654 1590 dictum
3695 1512 3947 1618 damp-

761 1690 942 1743 num
1002 1663 1138 1744 sibi
1194 1663 1471 1746 factum
1529 1664 1647 1745 uel
1706 1666 1963 1745 datum
2021 1664 2256 1758 fuerit.
2317 1666 2407 1744 Et
2464 1666 2666 1770 quod
2725 1666 3080 1745 dominus
3135 1687 3463 1770 potestas
3500 1688 3832 1749 teneatur
3871 1690 3945 1750 et

757 1821 994 1924 possit
1052 1822 1413 1926 inquirere
1471 1841 1728 1902 contra
1785 1849 2330 1927 quamcumque
2387 1849 2787 1928 personam
2827 1823 3345 1917 denunciatam
3388 1825 3543 1903 fore
3602 1853 3761 1905 esse
3821 1855 3944 1906 su-

758 1995 1084 2083 spectam
1146 1978 1238 2058 de
1295 1979 1498 2059 dicto
1555 1980 1884 2085 dampno
1967 1980 2143 2061 dato
2221 1981 2346 2059 ¹uel
2431 1980 2627 2060 facto
2712 2000 3174 2090 etteneatur
3239 1981 3561 2086 quelibet
3626 2010 3942 2086 persona

757 2136 930 2216 inde
986 2138 1332 2241 requisita
1392 2139 1886 2217 iuramentum
1943 2157 2264 2242 prestare
2323 2165 2536 2243 super
2593 2139 2786 2218 dicta
2827 2139 3401 2218 denunciatione
3442 2160 3515 2218 et
3554 2141 3943 2220 ueritatem

735 2294 1226 2399 ·respondere.
1287 2296 1377 2375 Et
1436 2295 1678 2376 soluat
1735 2295 2059 2400 quelibet
2113 2324 2430 2400 persona
2486 2325 2629 2400 que
2687 2316 2969 2400 reperta
3026 2295 3237 2376 fuerit
3296 2296 3678 2401 culpabilis
3724 2326 3941 2403 super

754 2453 909 2556 ipsa
992 2452 1561 2533 denunciatione
1646 2454 1800 2532 siue
1882 2481 2011 2558 per
2094 2480 2171 2533 se
2257 2448 2491 2559 ipsam
2575 2453 3015 2559 culpabilem
3107 2457 3521 2558 reperiatur.
3611 2455 3728 2535 uel
3812 2484 3939 2560 per

759 2611 917 2688 eius
974 2609 1245 2690 bestias
1299 2629 1589 2689 tantum
1647 2630 2006 2716 quantum
2064 2609 2388 2691 solueret
2446 2613 2505 2690 si
2562 2631 2896 2691 accusata
2936 2630 3129 2691 esset
3169 2612 3579 2691 secundum
3618 2614 3939 2693 {ormam

757 2766 1050 2871 capituli
1110 2766 1203 2846 de
1259 2767 1519 2847 alienis
1574 2768 1938 2873 dampnis.
1998 2787 2070 2848 et
2127 2755 3229 2848 ordinamentorum'factorum
3270 2769 3386 2849 uel
3430 2769 3941 2849 faciendorum

755 2950 972 3027 super
1027 2925 1371 3028 dampnis
1427 2926 1616 3004 datis
1673 2927 1746 3004 in
1804 2927 2065 3004 alienis
2119 2926 2358 3004 rebus.

738 3308 1143 3517 QJOD
1174 3392 1664 3475 CAMPARlI
1700 3345 3025 3479 BAENNARUMTENEANTUR
3053 3399 3517 3482 SOLUERE
3547 3401 3917 3483 EORUM

1018 3549 1559 3630 'EMENDAS

861 3780 1051 3845 ‚3321'1‘18‘5'1
2672 3835 2679 3842 -

883 3794 1038 3955 33¹sz
1073 3902 1228 3955 TEM
1287 3896 1642 3954 statutum
1686 3894 1795 3953 est
1835 3875 2037 3978 quod
2093 3876 2294 3978 prius
2349 3900 2574 3977 quam
2631 3863 2976 3979 camparii
3032 3875 3204 3954 finis
3259 3874 3710 3955 baennarum
3766 3904 3939 3981 pos-

753 4038 898 4115 sint
953 4035 1220 4113 habere
1278 4033 1598 4136 aliquam
1658 4031 2115 4111 solutionem
2202 4058 2330 4109 sue
2415 4033 2778 4135 camparie
2836 4059 2876 4109 a
2934 4032 3239 4110 comuni
3328 4035 3775 4112 baennarum
3833 4053 3938 4114 te-

749 4211 1060 4273 neantur
1117 4190 1292 4269 dicti
1350 4190 1693 4294 camparii
1754 4188 2042 4268 soluere
2102 4215 2371 4267 omnes
2418 4187 2774 4267 emendas
2813 4189 2920 4267 eis
2961 4189 3348 4292 impositas
3405 4169 3483 4269 et
3535 4191 3935 4272 extimatas

747 4376 875 4454 per
933 4350 1412 4429 extimatores
1486 4329 1829 4427 comunis
1902 4348 2424 4451 dampnorum.
2485 4347 2578 4425 Et
2632 4349 2832 4450 quod
2920 4348 3180 4426 sindici
3257 4349 3599 4428 comunis
3654 4350 3777 4453 qui
3836 4347 3933 4428 fa·

748 4509 946 4587 cient
1003 4506 1460 4586 solutionem
1517 4505 1837 4609 aliquam
1922 4504 2138 4584 dictis
2220 4505 2605 4609 campariis
2679 4524 3063 4584 teneantur
3121 4525 3193 4584 et
3250 4483 3565 4586 debeant
3639 4506 3928 4588 soluere

750 4666 965 4748 dictis
1019 4667 1358 4770 personis
1418 4663 1858 4743 debentibus
1911 4665 2230 4767 recipere
2271 4662 2502 4743 dictas
2541 4663 2918 4743 emendas.
2981 4666 3037 4742 si
3100 4666 3293 4768 ipsas
3348 4667 3751 4769 receperint
3808 4664 3929 4745 uel

747 4827 1123 4930 pecierint.
1183 4843 1255 4904 et
1311 4841 1739 4927 computare
1814 4821 2030 4928 dictis
2086 4823 2471 4927 campariis
2555 4823 2629 4899 in
2716 4804 3132 4901 solutione
3175 4848 3435 4901 eorum
3495 4822 3926 4902 salariorum

746 4981 950 5062 illam
1006 4982 1490 5087 quantitatem
1546 5005 1769 5083 quam
1825 4977 2181 5059 soluerint
2235 5007 2370 5083 pro
2410 4980 2517 5058 eis
2571 4979 2646 5057 in
2703 4978 2917 5057 dictis
2973 4979 3332 5058 emendis.
3390 4979 3482 5058 Et
3538 4977 3738 5082 quod
3798 4978 3927 5058 do·

747 5141 996 5220 minus
1050 5159 1381 5245 potestas
1435 5156 1770 5218 teneatur
1827 5135 2062 5216 facere
2120 5136 2494 5217 obseruari
2549 5163 2854 5241 presens
2908 5135 3336 5241 capitulum.

852 5792 953 5846 20
