5117 6834
2074 330 2571 433 LXXXV
2587 329 2670 428 [I

412 752 556 850 366
792 654 1014 818 DE
1069 732 1546 813 FOSSATIS
1583 669 2111 812 FACIENDIS
2159 730 2295 831 ET
2331 728 2900 811 SCURANDIS
2939 728 3128 809 PER
3165 726 3966 809 LABORATOREM

1104 891 1460 972 TERRE.

921 1107 1277 1311 Quem
1332 1232 1687 1295 statutum
1746 1233 1857 1294 est
1913 1213 2118 1319 quod
2175 1213 2503 1318 quelibet
2559 1240 2876 1317 persona
2933 1240 3075 1317 que
3131 1211 3572 1295 laborauerit
3653 1213 3974 1318 aliquam

802 1391 1070 1452 terram
1127 1372 1434 1452 alicuius
1490 1399 1803 1476 persone
1861 1372 2388 1477 cuiuscumque
2473 1371 2930 1475 conditionis
3014 1372 3106 1451 sit
3175 1372 3264 1475 ,in
3320 1370 3469 1451 fine
3526 1374 3978 1453 baennarum

804 1528 1007 1611 iuxta
1068 1558 1290 1635 quam
1347 1550 1616 1610 terram
1674 1529 1939 1610 debeat
1994 1529 2227 1610 facere
2284 1529 2405 1610 uel
2464 1530 2730 1609 scurari
2786 1528 3089 1634 aliquod
3171 1529 3534 1609 fossatum
3592 1558 3682 1610 ex
3739 1530 3979 1611 forma

802 1688 1108 1768 alicuius
1146 1688 1441 1792 capituli
1482 1689 1933 1769 baennarum
1963 1707 2298 1768 teneatur
2336 1687 2578 1767 dictus
2614 1687 2986 1768 laborator
3014 1686 3248 1767 facere
3280 1704 3355 1767 et
3383 1714 3666 1787 scurare
3695 1688 3979 1812 dictum

803 1847 1168 1927 fossatum
1212 1847 1634 1927 secundum
1694 1845 2015 1925 formam
2069 1846 2246 1925 dicti
2307 1844 2603 1950 capituli
2662 1846 2797 1926 sub
2854 1872 3041 1950 pena
3082 1845 3498 1926 solidorum
3553 1874 3625 1924 v,
3686 1847 3778 1926 Et
3834 1848 3980 1926 hoc

696 2068 699 2073 .
804 2004 1256 2109 intelligatur
1313 2006 1372 2083 si
1428 2031 1743 2108 persona
1800 2005 2009 2084 cuius
2062 2003 2276 2084 fuerit
2334 2003 2527 2083 dicta
2584 2023 2769 2083 terra
2826 2003 3150 2108 predicta
3195 2030 3352 2083 non
3390 2002 3660 2084 fecerit.
3723 2005 3814 2083 Et
3871 2006 3975 2083 ni-

806 2163 1257 2243 chilominus
1314 2164 1372 2241 si
1432 2162 1968 2244 contrafactum
2024 2160 2259 2242 fuerit.
2323 2181 2395 2241 et
2449 2161 2941 2266 postmodum
2998 2163 3073 2240 in
3134 2160 3433 2241 bladum
3474 2162 3592 2241 uel
3651 2164 3728 2241 in
3785 2162 3979 2242 dicta

805 2341 992 2400 terra
1048 2318 1262 2399 fuerit
1318 2319 1676 2399 damnum
1734 2319 2035 2425 aliquod
2092 2318 2349 2398 datum
2424 2317 2710 2397 nullum
2794 2321 3121 2396 bannum
3178 2317 3295 2396 uel
3355 2319 3751 2399 emendam
3809 2320 3980 2399 inde

813 2479 1162 2559 soluatur.

422 2878 564 3055 357
797 2855 1204 3063 QJOD
1284 2938 1591 3034 AQUA
1670 2936 1908 3019 Non
1987 2936 2487 3017 DucATUR
2567 2935 2754 3017 PER
2826 2914 3584 3015 TRANSUERSUM
3637 2931 3972 3013 Aucu-

1112 3098 1270 3177 Ius
1328 3097 1517 3178 [ΠΕ.

926 3312 1114 3515 ἐξ
1131 3452 1287 3506 TEM
1343 3444 1699 3506 statutum
1738 3445 1850 3506 est
1895 3426 2098 3530 quod
2137 3426 2378 3530 aliqua
2436 3453 2750 3530 persona
2806 3453 2962 3505 non
3018 3425 3256 3530 possit
3306 3427 3574 3507 ducere
3633 3454 3760 3506 seu
3819 3427 3986 3507 duci

816 3584 1052 3665 facere
1110 3584 1433 3689 aliquam
1489 3610 1757 3689 aquam
1815 3610 1940 3687 per
1997 3603 2496 3673 transuersum
2535 3583 2842 3664 alicuius
2880 3585 3000 3663 uie
3040 3586 3385 3664 comunis
3420 3583 3686 3664 alicubi
3726 3585 3802 3664 in
3841 3585 3989 3666 fine

709 3718 713 3722 .
816 3743 1289 3822 baennarum.
1350 3741 1492 3820 nisi
1549 3742 1747 3845 prius
1803 3741 1879 3820 in
1936 3741 2130 3821 dicta
2185 3742 2305 3820 uia
2362 3739 2612 3820 fecerit
2668 3741 3076 3844 cuniglum.
3137 3742 3290 3821 siue
3346 3761 3659 3845 pontem
3699 3760 3988 3822 tantum

814 3919 1173 4006 quantum
1231 3898 1375 3978 lata
1431 3898 1644 3978 fuerit
1700 3898 1895 3979 dicta
1950 3899 2070 3978 uia
2123 3865 2251 4003 per
2301 3918 2532 4003 'quam
2586 3898 2891 3978 ducetur
2922 3994 2932 4001 ο
2963 3899 3158 3979 dicta
3213 3925 3422 4004 aqua.
3490 3898 3730 3980 taliter
3785 3899 3990 4004 quod

816 4056 1010 4137 dicta
1072 4057 1190 4136 uia
1246 4057 1653 4136 occaxione
1710 4055 1903 4135 dicte
1969 4083 2155 4159 aque
2212 4083 2366 4136 non
2410 4034 2816 4171 ‘peioretun
2879 4076 2951 4135 et
3035 4074 3367 4136 teneatur
3423 4056 3620 4136 dicta
3673 4083 3991 4161 persona

815 4242 959 4319 que
1018 4214 1311 4294 duxerit
1369 4241 1498 4294 seu
1556 4213 1727 4293 duci
1783 4212 2034 4294 fecerit
2089 4212 2366 4293 dictam
2423 4240 2692 4317 aquam
2731 4232 2980 4293 tenere
3037 4212 3277 4294 taliter
3322 4231 3654 4319 aptatum
3707 4213 3990 4294 dictum

815 4390 1128 4475 pontem
1187 4398 1315 4451 seu
1370 4371 1784 4475 cuniglum.
1826 4371 2029 4477 quod
2066 4371 2310 4476 aliqua
2346 4369 2581 4451 bestia
2618 4397 2774 4451 non
2804 4372 3039 4474 possit
3077 4372 3471 4452 occasione
3527 4371 3704 4451 dicti
3742 4372 3995 4477 pontis

813 4530 971 4609 siue
1030 4529 1311 4633 cunigli
1367 4531 1443 4608 in
1497 4528 1751 4634 aliquo
1806 4531 2138 4634 peiorare
2193 4508 2315 4610 uel
2369 4530 2662 4610 uastari.
2721 4548 2796 4608 et
2854 4530 2914 4609 si
2968 4528 3210 4635 aliqua
3266 4529 3504 4611 bestia
3539 4532 3990 4635 peioraretur

809 4688 927 4769 uel
986 4688 1486 4767 deuastaretur
1543 4689 1936 4769 occasione
1993 4688 2343 4792 predicta.
2404 4714 2722 4793 persona
2758 4688 2967 4768 cuius
3018 4686 3224 4768 [uerit
3281 4689 3523 4771 dictus
3578 4718 3772 4796 pons
3829 4692 3985 4771 siue

814 4845 1199 4949 cuniglum
1257 4863 1589 4926 teneatur
1663 4810 2059 4927 em'endare
2141 4845 2417 4926 dictam
2500 4846 2840 4926 bestiam.
2928 4846 3334 4927 secundum
3420 4849 3988 4928 extimationem

820 4996 1349 5112 extimatorum
1406 5004 1754 5083 comunis
1818 5003 2291 5084 baennarum.
2352 5023 2427 5085 et
2479 5030 2796 5109 persona
2852 5032 2992 5110 que
3049 5005 3558 5086 contrafecerit
3622 5005 3864 5086 soluat
3921 5024 3994 5085 et

821 5160 1111 5241 soluere
1167 5180 1501 5240 teneatur
1557 5161 1866 5241 nomine
1923 5188 2110 5265 pene
2168 5182 2242 5241 et
2298 5162 2520 5242 banni
2579 5164 2885 5267 quocies
2964 5161 3474 5243 contrafecerit
3527 5163 3722 5242 curie
3782 5165 3994 5242 baen-

821 5345 1080 5397 narum
1139 5317 1426 5398 solidos
1478 5345 1551 5396 v.
1609 5318 1702 5397 Et
1760 5317 2085 5422 quelibet
2120 5344 2436 5422 persona
2492 5319 2732 5423 possit
2770 5319 2941 5399 inde
2978 5346 3315 5399 accusare
3356 5339 3430 5400 et
3469 5320 3538 5400 ei
3575 5321 3993 5402 iuramento

822 5475 1177 5553 credatur.
