5117 6834
276 1298 430 1378 314

271 5023 413 5103 315

1810 527 1813 531 Α
1951 342 2436 496 'LXXV

667 681 949 761 rianam
1004 700 1393 761 teneantur
1448 680 1683 762 facere
1736 680 1896 762 fieri
1950 680 2226 762 dictam
2281 684 2566 763 rianam
2651 682 2994 787 expensis
3066 682 3413 762 comunis
3465 693 3699 787 usque
3754 682 3847 764 ad

668 837 941 917 festum
999 865 1212 941 pasce
1269 842 1607 943 proxime
1662 860 1995 921 uenture.

653 1183 876 1350 DE
928 1262 1169 1348 NON
1219 1263 1779 1348 INTRANDo
1832 1265 2304 1361 ALOENAM
2357 1231 2785 1363 VINEAM

777 1478 966 1684 Q
987 1601 1140 1655 TEM
1200 1592 1557 1655 statutum
1599 1594 1711 1656 est
1747 1576 1950 1682 quod
2006 1576 2247 1682 aliqua
2301 1604 2615 1682 persona
2653 1605 2810 1657 non
2847 1577 3113 1678 audeat
3150 1576 3271 1657 uel
3308 1596 3685 1682 presumat
3742 1578 3849 1697 inf

664 1751 852 1820 trare
905 1732 1228 1813 alienam
1267 1732 1582 1851 *vineam
1611 1761 1654 1812 a
1691 1732 2023 1814 kalendis
2077 1732 2240 1814 Iulii
2296 1760 2530 1839 usque
2569 1761 2721 1838 quo
2756 1734 2977 1814 vinea
3015 1734 3152 1813 erit
3185 1751 3351 1814 tota
3386 1733 3846 1816 vindimiata.

671 1891 764 1970 Et
818 1916 1134 1995 persona
1188 1916 1332 1994 que
1388 1889 1898 1972 contrafecerit
1963 1890 2206 1971 soluat
2259 1918 2396 1997 pro
2450 1918 2640 1996 pena
2696 1910 2771 1971 et
2825 1869 3073 1971 banno
3129 1891 3434 1996 quocies
3490 1889 3849 1972 contrafe-

665 2048 845 2128 cerit
901 2047 1188 2127 solidos
1243 2075 1339 2126 xx
1396 2075 1532 2152 pro
1589 2048 1837 2128 banno
1876 2067 1948 2129 et
2001 2038 2322 2129 totidem
2377 2076 2513 2154 pro
2569 2048 2886 2130 emenda
2940 2047 3045 2128 illi
3102 2049 3309 2129 cuius
3364 2047 3578 2129 fuerit
3630 2049 3848 2129 vinea

659 2204 756 2285 de
813 2205 932 2285 die
989 2224 1062 2284 et
1116 2205 1209 2285 de
1266 2223 1488 2286 nocte
1558 2204 1802 2286 soluat
1871 2233 2007 2311 pro
2064 2205 2312 2287 banno
2383 2206 2602 2287 libras
2657 2234 2730 2286 x.
2787 2224 2860 2290 et
2910 2205 3235 2287 totidem
3298 2233 3433 2312 pro
3496 2205 3843 2287 emenda.

664 2363 757 2442 Et
813 2364 873 2444 si
930 2363 1202 2443 dictam
1260 2391 1528 2468 penam
1594 2362 1883 2444 soluere
1957 2390 2113 2444 non
2184 2365 2458 2469 poterit
2511 2383 2828 2469 ponatur
2907 2363 3000 2443 ad
3073 2363 3536 2469 pellerinum.
3594 2364 3690 2445 Et
3744 2362 3843 2443 ibi

664 2539 808 2600 stet
862 2549 989 2626 per
1046 2542 1195 2605 tres
1248 2520 1409 2601 dies
1463 2539 1537 2600 et
1589 2540 1739 2601 tres
1793 2539 2055 2602 noctes
2107 2521 2484 2602 continue.
2524 2522 2619 2602 Et
2647 2539 2911 2627 postea
2960 2522 3055 2602 sit
3089 2539 3261 2602 toto
3298 2519 3430 2601 illo
3484 2548 3686 2602 anno
3724 2520 3847 2601 illa

661 2675 831 2756 talis
883 2704 1200 2782 persona
1271 2677 1569 2757 bannita
1624 2676 1716 2758 de
1772 2677 1944 2758 uilla
2019 2677 2492 2760 baennarum.
2550 2696 2626 2759 et
2679 2704 2836 2760 nox
2904 2676 3357 2783 intelligatur
3421 2697 3590 2758 ante
3665 2677 3847 2758 solis
3981 2703 3988 2711 ·

663 2853 939 2914 ortum.
982 2852 1056 2914 et
1092 2854 1263 2940 post
1318 2861 1750 2940 campanam
1807 2836 2198 2916 viniarum.
2241 2837 2331 2917 Et
2368 2836 2462 2917 de
2497 2836 2845 2942 predictis
2898 2836 3357 2941 excipiuntur
3396 2834 3848 2916 laboratores

664 2993 788 3096 qui
848 2990 1259 3072 laborarent
1314 2995 1388 3072 in
1437 2993 1631 3073 dicta
1683 2993 1901 3076 vinea
1937 2992 2030 3072 de
2071 2992 2427 3073 mandato
2482 2993 2772 3074 domini
2827 2993 2950 3077 uel
3014 2992 3322 3073 domine
3377 2992 3573 3072 dicte
3626 2992 3843 3071 vinee

662 3149 783 3230 uel
823 3177 1136 3256 persone
1194 3179 1335 3256 que
1374 3153 1561 3232 irent
1615 3178 1743 3257 per
1798 3150 2072 3231 dictam
2127 3152 2424 3232 vineam
2481 3178 2654 3231 cum
2691 3150 2986 3232 licentia
3022 3151 3311 3231 domini
3348 3150 3471 3231 uel
3508 3150 3842 3230 domine.

664 3308 757 3388 de
814 3311 1080 3413 quibus
1135 3309 1451 3390 domino
1507 3309 1627 3388 uel
1683 3309 1991 3389 domina
2044 3308 2239 3389 dicte
2293 3310 2510 3389 uinee
2575 3311 2994 3389 iuramento
3057 3307 3412 3388 credatur.
3471 3308 3564 3388 Et
3619 3308 3843 3388 etiam

664 3468 1126 3571 excipiuntur
1179 3494 1495 3573 persone
1532 3495 1674 3572 que
1713 3469 2066 3548 intrarent
2120 3468 2419 3549 vineam
2457 3466 2775 3549 alienam
2813 3466 3134 3573 aliquam
3173 3494 3388 3549 causa
3427 3464 3846 3572 expellendi

662 3624 943 3730 aliquas
998 3624 1268 3705 bestias
1322 3625 1414 3705 de
1472 3625 1666 3705 dicta
1720 3628 1938 3705 vinea
1975 3625 2068 3705 de
2108 3625 2372 3730 quibus
2426 3626 2650 3705 etiam
2709 3626 2954 3706 eidem
3009 3626 3427 3705 iuramento
3483 3625 3839 3707 credatur.

666 3782 758 3861 Et
813 3810 1127 3887 persone
1183 3811 1325 3887 que
1381 3784 1570 3863 irent
1624 3810 1751 3888 per
1806 3782 2127 3888 aliquam
2182 3783 2478 3864 vineam
2533 3783 2626 3863 ad
2682 3783 2979 3863 uineam
3036 3809 3246 3863 suam
3318 3785 3675 3864 habentes
3729 3785 3843 3864 ius

665 3941 887 4020 eundi
944 3960 1016 4020 et
1072 3941 1426 4020 redeundi
1481 3968 1609 4045 per
1665 3941 1939 4020 dictam
1967 4017 1970 4020 ,
1994 3942 2292 4020 vineam
2319 3913 2324 3917 ⁴
2348 3940 2439 4020 ad
2498 3911 2708 4020 suam
2762 3941 3060 4020 vineam
3103 3940 3197 4021 de
3244 3939 3389 4020 die.
3428 3941 3521 4021 Et
3558 3941 3652 4021 de
3687 3968 3842 4046 pre-

663 4098 881 4178 dictis
918 4096 1241 4203 quelibet
1295 4124 1609 4203 persona
1665 4097 1862 4179 bone
1901 4096 2093 4177 fame
2129 4096 2366 4202 possit
2410 4123 2746 4178 accusare
2785 4115 2860 4177 et
2897 4098 2965 4178 ei
3002 4098 3428 4179 iuramento
3483 4097 3838 4178 credatur.

663 4254 754 4335 Et
794 4255 1147 4334 dominus
1183 4272 1513 4360 potestas
1539 4255 1777 4359 possit
1806 4254 1978 4335 inde
2015 4254 2378 4360 inquirere
2416 4252 2665 4359 aliquo
2703 4252 3024 4359 capitulo
3061 4253 3255 4336 facto
3283 4255 3358 4335 in
3389 4256 3839 4336 contrarium

662 4438 818 4491 non
874 4383 1241 4492 obstante.
1301 4412 1393 4491 Et
1447 4429 1777 4517 potestas
1830 4429 2165 4492 teneatur
2219 4409 2455 4492 facere
2511 4411 2663 4516 legi
2720 4431 2795 4492 et
2849 4411 3218 4516 diuulgati
3299 4411 3582 4493 dictum
3637 4414 3834 4518 capi-

659 4569 899 4647 tulum
939 4596 1065 4673 per
1120 4596 1246 4649 vm
1304 4569 1464 4649 dies
1515 4577 1697 4649 ante'
1743 4567 2111 4668 kalendas⁴
2149 4568 2337 4649 Iulii.

639 4907 1044 5116 QJOD
1099 4986 1614 5085 QUELIBET
1666 4987 2143 5072 PERSONA
2196 4988 2605 5073 DEBEAT
2642 4991 3179 5075 CLAUDERE
3214 4994 3617 5076 DOMUM
3669 4997 3805 5078 ET

953 5144 1337 5229 ORTUM
1388 5146 1674 5229 SUUM
1727 5147 1947 5228 SIUE
1999 5147 2484 5230 STALLUM
2538 5150 2868 5232 IUXTA
2918 5150 3186 5233 UIAM
3236 5152 3483 5236 RIPE.

766 5361 954 5568 Q
984 5490 1140 5544 TEM
1197 5481 1553 5543 statutum
1611 5481 1734 5543 est
1777 5462 1981 5568 quod
2036 5460 2362 5567 quelibet
2416 5488 2731 5569 persona
2769 5488 2912 5566 que
2948 5460 3169 5542 habet
3206 5462 3282 5541 in
3319 5463 3438 5541 uia
3494 5462 3647 5566 ripe
3701 5461 3837 5541 ali-

661 5650 885 5731 quam
942 5622 1259 5702 domum
1316 5620 1614 5701 stallum
1671 5622 1825 5701 siue
1883 5638 2155 5699 ortum.
2213 5645 2253 5698 a
2310 5618 2548 5700 domo
2602 5618 2965 5719 johannis
3046 5618 3371 5700 malinali
3454 5646 3686 5724 usque
3741 5618 3832 5699 ad
