5117 6834
748 787 892 866 392

758 2089 893 2166 393

770 3653 916 3731 394

783 5198 922 5277 395

1138 722 1439 892 QUOD
1477 790 1716 845 OMNIA
1756 788 2090 844 CONSILIA
2129 787 2520 842 LEGANTUR
2560 788 2633 841 IN
2672 786 3025 841 CONSILIO.

1268 984 1567 1183 Qum
1606 1117 1780 1171 aditur
1816 1116 2045 1187 capitulo
2084 1117 2228 1169 cuius
2264 1116 2468 1169 rubrica
2505 1128 2584 1170 est
2622 1116 2763 1186 quod
2802 1115 2983 1169 omnia
3020 1115 3239 1170 consilia
3292 1114 3541 1186 legantur
3576 1111 3632 1165 in
3671 1112 3893 1166 consilio
3928 1114 4011 1179 (2)
4048 1111 4188 1182 quod
4214 1110 4318 1164 sin-

1135 1241 1236 1295 dici
1274 1241 1518 1296 comunis
1557 1242 1851 1294 bennarum
1886 1252 2166 1294 teneantur
2203 1256 2316 1294 esse
2355 1256 2479 1292 cum
2514 1240 2726 1293 notario
2764 1239 3009 1294 comunis
3047 1255 3139 1293 seu
3178 1238 3319 1309 curie
3356 1238 3424 1293 ad
3462 1238 3770 1293 dictandum
3805 1237 4177 1293 ordinamenta
4221 1254 4322 1308 que

1139 1364 1268 1419 fient
1304 1365 1360 1417 in
1399 1364 1543 1418 dicto
1581 1363 1834 1418 conscilio
1871 1375 1924 1417 et
1960 1363 2100 1434 quod
2137 1363 2225 1433 qui
2269 1362 2426 1416 fuerit
2461 1363 2697 1416 notarius
2754 1363 3045 1417 bennarum
3095 1378 3205 1416 non
3243 1361 3408 1432 possit
3450 1378 3548 1416 nec
3585 1361 3773 1416 debeat
3808 1362 3904 1417 sub
3940 1360 4155 1415 vinculo
4190 1360 4324 1414 iura-

1139 1489 1305 1541 menti
1342 1488 1568 1542 scribere
1608 1486 1781 1557 aliqua
1818 1486 2184 1541 ordinamenta
2223 1487 2324 1540 nisi
2364 1487 2692 1556 presentibus
2748 1485 2899 1539 dictis
2959 1484 3171 1539 sindicis
3208 1497 3262 1539 et
3299 1485 3446 1556 quod
3486 1467 3713 1557 potestas
3749 1496 3989 1540 teneatur
4027 1483 4195 1538 facere
4231 1484 4323 1537 ob·

1138 1627 1347 1664 seruare
1385 1610 1614 1680 predicta
1651 1611 1745 1663 sub
1785 1610 1996 1663 vinculo
2033 1609 2330 1663 iuramenti.
2369 1610 2519 1662 aliter

1148 2023 1307 2147 DE
1344 2091 2091 2147 CONDEMNATIONIBUS
2128 2090 2417 2144 FIENDIS.

1278 2284 1575 2483 Qum
1614 2428 1865 2470 statutum
1905 2429 1982 2469 est
2008 2428 2061 2469 et
2085 2415 2294 2469 additur
2331 2415 2560 2484 capitulo
2597 2416 2742 2469 cuius
2778 2416 2981 2469 rubrica
3021 2427 3101 2469 est
3133 2415 3199 2468 de
3234 2415 3760 2470 condemnationibus
3795 2414 4045 2470 faciendis
4080 2418 4167 2487 (3)
4191 2418 4329 2487 quod

1143 2541 1301 2595 iudex
1337 2553 1577 2595 teneatur
1615 2541 1888 2594 absoluere
1925 2540 2009 2593 uel
2052 2528 2411 2593 condemnare
2446 2555 2634 2592 omnes
2674 2554 2949 2609 processus
2972 2551 3026 2592 et
3050 2555 3287 2592 accussas
3326 2540 3650 2609 presentibus
3675 2539 3876 2594 duobus
3900 2539 3966 2593 ad
3994 2540 4097 2594 hoc
4122 2540 4327 2594 ellectis

1144 2676 1197 2718 et
1234 2676 1517 2734 antequam
1553 2663 1766 2717 recedat
1802 2663 1868 2716 de
1906 2663 2106 2716 bennis.
2144 2662 2188 2715 si
2227 2661 2510 2716 absoluerit
2552 2660 2638 2715 uel
2677 2661 3131 2715 comdemnauerit
3189 2673 3417 2731 potestas
3473 2678 3564 2715 seu
3619 2662 3751 2716 alter
3804 2663 3960 2716 iudex
4015 2678 4124 2716 non
4170 2663 4334 2733 possit

1146 2799 1325 2857 postea
1366 2804 1421 2840 se
1460 2786 1828 2839 intromittere.
1849 2799 1903 2840 et
1940 2786 1982 2840 si
2019 2785 2397 2840 contrafactum
2437 2786 2596 2839 fuerit
2632 2786 2752 2839 talis
2778 2786 3153 2840 condemnatio
3178 2788 3246 2839 sit
3274 2783 3470 2839 nullius
3497 2786 3704 2839 ualoris.
3737 2786 3801 2839 Et
3825 2797 4057 2856 potestas
4081 2784 4327 2841 teneatur

1145 2927 1309 2982 quum
1350 2910 1516 2963 facere
1555 2908 1667 2962 fieri
1705 2909 1934 2963 voluerit
1970 2910 2440 2963 condemnationes
2479 2910 2798 2979 preconizari
2839 2909 3007 2963 facere
3043 2909 3109 2963 de
3144 2926 3297 2979 super
3332 2909 3627 2980 campanile
3665 2912 3956 2964 bennarum
3994 2927 4088 2980 per
4124 2929 4194 2963 xv
4221 2911 4333 2965 dies

1150 3046 1437 3104 antequam
1474 3034 1612 3087 dicte
1650 3033 2119 3087 condemnationes
2160 3033 2288 3086 fiant
2327 3035 2368 3087 si
2406 3051 2509 3105 qua
2548 3051 2768 3103 persona
2809 3034 3036 3088 voluerit
3084 3035 3328 3106 allegare.
3371 3047 3423 3088 et
3461 3035 3601 3104 quod
3640 3047 3880 3088 teneatur
3916 3018 4097 3089 audire
4136 3035 4335 3089 deffen-

1148 3158 1353 3212 sionem
1393 3158 1766 3226 cuiuscumque
1803 3172 2024 3226 persone
2061 3156 2326 3226 inculpate
2364 3158 2447 3211 vel
2486 3169 2751 3211 accussate
2789 3158 2854 3210 de
2892 3156 3066 3227 aliqua
3103 3175 3159 3211 re
3197 3175 3360 3229 usque
3398 3159 3462 3212 ad
3501 3158 3818 3212 sententiam
3856 3157 4222 3212 deffinitiuam.

1163 3572 1320 3696 DE
1358 3640 1814 3726 METENTIBUS
1852 3640 2092 3694 ERBAM
2133 3641 2204 3693 IN
2245 3640 2522 3694 ALIENIS
2560 3640 2830 3694 PRATIS.

1293 3835 1589 4036 Qum
1631 3969 1853 4022 addatur
1891 3970 2119 4039 capitulo
2157 3971 2307 4023 cuius
2344 3971 2547 4023 rubrica
2587 3983 2665 4024 est
2702 3971 2767 4023 de
2806 3971 3125 4025 metentibus
3163 3973 3342 4024 erbam
3381 3972 3436 4024 in
3474 3971 3649 4025 alieno
3687 3984 3835 4041 prato
3871 3976 3957 4039 (4)
3994 3973 4134 4042 quod
4172 3973 4216 4026 si
4255 3972 4343 4024 ali-

1162 4109 1262 4164 qua
1304 4108 1526 4162 persona
1564 4093 1780 4146 inuenta
1818 4091 1973 4146 fuerit
2011 4109 2101 4162 per
2138 4094 2431 4162 camparios
2466 4095 2760 4147 bennarum
2798 4094 2883 4147 vel
2920 4094 3152 4165 aliquem
3191 4095 3426 4165 ipsorum
3479 4094 3563 4148 vel
3618 4111 3709 4164 per
3761 4095 3993 4166 aliquam
4036 4094 4198 4148 aliam
4235 4112 4343 4164 per-

1162 4232 1351 4269 sonam
1388 4217 1682 4286 aportando
1720 4217 1805 4271 vel
1843 4234 2002 4287 penes
2039 4234 2095 4271 se
2132 4218 2376 4271 habendo
2414 4217 2603 4271 alicubi
2641 4219 2694 4271 in
2736 4218 2840 4271 fine
2878 4219 3170 4272 bennarum
3210 4219 3442 4289 aliquam
3479 4219 3675 4272 erbam.
3703 4230 3755 4273 et
3792 4218 3963 4272 eidem
3990 4219 4180 4272 dixerit
4204 4219 4342 4289 quod

1167 4340 1326 4393 vadat
1363 4341 1429 4393 ad
1468 4342 1873 4394 monstrandum
1911 4341 2087 4396 locum
2126 4343 2223 4413 ipsi
2260 4343 2525 4413 campario
2563 4342 2650 4396 uel
2688 4358 2910 4412 persone
2948 4343 3033 4395 vbi
3072 4343 3224 4397 metit
3265 4342 3462 4396 dictam
3513 4344 3710 4396 erbam.
3748 4343 3885 4396 dicta
3923 4359 4147 4412 persona
4186 4359 4345 4412 penes

1165 4479 1326 4533 quam
1362 4463 1578 4516 inuenta
1618 4462 1773 4518 fuerit
1801 4464 1939 4518 dicta
1976 4466 2097 4519 erba
2134 4478 2374 4527 teneatur
2412 4465 2760 4520 incontinenti
2799 4465 3077 4519 ostendere
3115 4466 3290 4520 locum
3329 4466 3382 4519 in
3420 4483 3525 4536 quo
3569 4466 3722 4519 metit
3762 4466 3958 4520 dictam
3995 4466 4175 4519 erbam
4215 4477 4267 4518 et
4303 4466 4346 4519 si

1167 4586 1306 4640 dicta
1345 4603 1566 4657 persona
1609 4588 1886 4642 ostendere
1935 4591 2277 4644 recussauerit
2331 4590 2531 4644 dictum
2569 4592 2748 4646 locum
2786 4592 2947 4662 possit
2983 4591 3239 4644 accussari
3285 4590 3736 4660 quemadmodum
3774 4591 3816 4643 si
3855 4590 4022 4660 ipsam
4061 4589 4349 4644 inuenisset

1170 4711 1421 4765 metendo
1457 4711 1656 4764 dictam
1697 4713 1877 4765 erbam
1914 4725 1967 4766 et
2004 4714 2056 4766 in
2097 4713 2189 4767 illo
2225 4730 2347 4768 casu
2385 4714 2593 4768 soluere
2629 4726 2869 4769 teneatur
2906 4716 3160 4768 bamnum

1176 5124 1476 5292 QUOD
1513 5201 1880 5256 POTESTAS
1915 5199 2070 5255 NON
2109 5201 2378 5255 CAPIAT
2414 5199 2553 5254 UEL
2591 5200 2866 5255 EXIGAT
2904 5199 3237 5264 ALIQUOD
3276 5200 3602 5255 BAMNUM.

1177 5657 1361 5698 neatur
1399 5644 1494 5697 sub
1532 5643 1744 5698 vinculo
1780 5644 2059 5697 iuramenti
2098 5660 2312 5713 presens
2349 5643 2655 5713 capitulum.
2694 5642 2893 5697 scilicet
2930 5643 3074 5713 quod
3113 5658 3222 5694 non
3262 5642 3434 5711 capiat
3461 5641 3656 5712 aliquid
3696 5642 3780 5695 uel
3818 5641 4049 5713 aliquam
4077 5641 4353 5711 pecuniam
