5117 6834
758 3296 905 3376 162

1160 533 1511 629 emendet
1567 548 2004 653 dampnum.
2062 545 2158 626 Et
2215 545 2277 627 si
2333 544 2831 625 inciderentur
2886 542 3104 621 uinee
3162 538 3281 620 uel
3337 538 3675 619 antinum
3713 565 3755 617 a
3791 564 3896 618 xx
3943 537 4218 618 uitibus
4244 564 4373 627 ‚su-

1154 707 1405 814 perius
1460 707 1537 786 in
1594 731 1821 811 posse
1875 707 2335 804 baennarum
2390 720 2516 782 aut
2572 700 2701 781 fiet
2742 698 2959 780 ‘aliud
2998 716 3293 779 uastum
3354 697 3430 806 in
3486 669 3730 777 uineis
3765 696 3887 777 uel
3925 696 4197 777 autinis
4251 723 4375 777 ex·

1156 865 1507 947 timatum
1563 864 1641 944 in
1701 863 1966 945 solidis
2019 890 2117 944 Lx
2171 861 2295 943 uel
2353 887 2569 967 supra
2626 859 3066 941 emendetur
3103 857 3251 939 eia
3289 857 3598 937 comuni
3637 874 3711 936 et
3766 854 3891 935 ille
3937 855 4063 961 qui
4117 853 4371 935 fecerit

1155 1020 1441 1104 dictum
1497 1041 1794 1104 uastum
1851 1021 2094 1103 soluat
2148 1022 2480 1102 bannum
2562 1001 2700 1125 pro
2783 1016 3111 1123 qualibet
3192 1017 3356 1097 uice
3439 1013 3730 1095 solidos
3782 1042 3831 1093 v
3889 1032 3964 1094 et
4019 1013 4370 1094 emendet

1156 1178 1600 1288 dampnum‘
1626 1180 1703 1262 in
1760 1181 2016 1289 duplo.
2080 1181 2493 1262 secundum
2548 1177 2755 1284 quod
2812 1177 3029 1257 fuerit
3067 1177 3510 1257 extimatum
3547 1201 3676 1280 per
3729 1173 4213 1263 extimatores
4250 1199 4375 1253 co·

1154 1338 1426 1423 munis.
1487 1343 1583 1422 Et
1639 1338 1700 1423 si
1756 1340 2033 1422 faciens
2069 1339 2191 1420 uel
2227 1339 2388 1421 fieri
2425 1337 2704 1419 faciens
2740 1338 3025 1419 dictum
3081 1354 3377 1416 uastum
3416 1332 3666 1414 haberi
3705 1331 3981 1439 poterit
4018 1331 4371 1412 emendet

1155 1499 1442 1580 dictum
1498 1500 1912 1609 dampnum
1997 1499 2058 1580 si
2139 1499 2478 1579 habuerit
2557 1496 2759 1577 unde
2817 1515 2891 1576 et
2944 1522 3103 1576 non
3160 1519 3508 1575 comune.
3570 1510 3645 1572 et
3701 1492 3763 1572 si
3818 1517 3977 1571 non
4032 1489 4370 1571 habuerit

1157 1642 1356 1739 unde
1416 1652 1831 1764 dampnum
1888 1657 2347 1739 emendetur.
2405 1685 2448 1737 a
2485 1655 2792 1737 comuni
2847 1673 3025 1735 tunc
3109 1651 3569 1734 emendetur.
3630 1669 3705 1731 et
3760 1651 3907 1730 hoc
3962 1646 4369 1755 capitulum

1156 1816 1412 1899 locum
1469 1815 1735 1897 habeat
1789 1818 1867 1897 in
1924 1817 2279 1897 omnibus
2334 1815 2592 1896 bestiis
2675 1814 2984 1918 grossis.
3068 1812 3164 1892 Et
3244 1812 3393 1892 hoc
3449 1807 3908 1913 intelligatur
3964 1809 4026 1889 si
4081 1807 4369 1888 dictum

1156 1977 1571 2082 dampnum
1632 1975 1907 2056 factum
1963 1973 2178 2055 fuerit
2232 1975 2309 2054 in
2366 1972 2542 2054 uilla
2599 1972 3054 2053 baennarum
3113 1969 3239 2051 uel
3321 1996 3567 2076 posse.
3629 1988 3703 2049 et
3758 1967 3969 2049 aliter
4047 1994 4228 2048 non.
4306 1967 4367 2046 si

1155 2153 1558 2240 sgarratate
1614 2133 1926 2215 fuissent
1980 2160 2109 2239 per
2147 2132 2471 2256 aliquam
2525 2158 2927 2239 personam
2981 2128 3328 2210 uidelicet
3383 2127 3776 2209 hominem
3815 2125 3936 2208 uel
3974 2127 4368 2207 mulierem

1152 2294 1631 2373 restituantur
1684 2321 1727 2372 a
1781 2292 2119 2398 predicto
2176 2292 2506 2372 co'muni.
2570 2292 2631 2371 si
2688 2309 2940 2375 autem
2982 2306 3563 2395 sgarratarentur
3615 2314 3746 2393 per
3802 2313 4023 2367 canes
4078 2284 4200 2367 uel
4256 2313 4370 2366 ce·

1151 2470 1346 2533 teras
1402 2452 1697 2532 bestiaS.
1758 2452 1955 2532 dicte
1994 2451 2227 2532 bestie
2268 2468 2670 2556 sgarratate
2707 2476 2838 2554 per
2873 2449 3108 2530 dictas
3147 2447 3420 2528 bestias
3456 2446 3579 2527 uel
3616 2474 3839 2527 canes
3874 2444 4087 2526 nullo
4125 2444 4367 2526 modo

1151 2610 1282 2692 fiat
1332 2611 1706 2691 restitutio
1744 2637 1786 2690 a
1822 2610 2158 2716 predicto
2205 2611 2512 2691 comuni
2569 2644 2633 2694 et
2677 2624 2850 2715 quod
2904 2648 3133 2693 omnes
3187 2623 3389 2693 bestie
3444 2641 3707 2692 menute
3754 2622 3988 2691 eodem
4042 2622 4242 2691 modo
4289 2638 4358 2689 ut

1151 2808 1342 2877 supra
1390 2785 1827 2854 emendentur.

1141 3224 1370 3394 DE
1423 3304 2216 3391 FRANGENTIBUS
2271 3304 2774 3390 sTRA'rAM
2842 3299 2883 3407 (
2894 3296 3002 3406 3).

1272 3508 1632 3714 ffi'rffl
1671 3625 2031 3686 statutum
2072 3625 2184 3687 est
2232 3607 2437 3713 quod
2478 3609 2540 3688 si
2579 3635 2723 3712 qua
2759 3634 3076 3715 persona
3115 3607 3208 3688 de
3247 3607 3557 3687 baennis
3612 3625 3917 3688 stratam
3954 3604 4257 3710 fregerit
4284 3607 4364 3686 in

1151 3793 1375 3871 posse
1433 3765 1889 3846 baennarum
1944 3764 2378 3847 aufferendo
2434 3794 2565 3873 per
2618 3768 2778 3846 uim
2834 3766 3110 3872 aliquid
3168 3766 3385 3847 alicui
3443 3768 3520 3846 in
3575 3766 3905 3871 predicta
3960 3784 4185 3846 strata
4237 3763 4362 3846 uel

1147 3925 1417 4006 stratis,
1478 3924 1602 4004 uel
1660 3951 1834 4005 eum
1891 3924 2384 4005 derobauerit.
2444 3943 2519 4006 et
2576 3926 2827 4005 haberi
2883 3926 3156 4030 poterit
3216 3924 3458 4006 soluat
3495 3953 3634 4031 pro
3681 3924 4006 4030 qualibet
4061 3926 4225 4005 uice
4282 3925 4364 4005 li-

1145 4087 1311 4165 bras
1364 4111 1515 4163 xxv
1570 4103 1903 4165 astenses
1959 4102 2033 4164 et
2088 4111 2249 4164 rem
2304 4083 2628 4165 ablatam
2665 4074 3024 4165 restituat.
3083 4112 3267 4190 quas
3322 4083 3544 4165 libras
3580 4113 3733 4165 xxv
3771 4086 3832 4165 si
3873 4084 4165 4166 soluere
4203 4112 4361 4167 non

1089 4292 1094 4298 ¹
1140 4244 1417 4348 poterit
1471 4242 1744 4348 pedem
1800 4244 2093 4323 amittat
2147 4242 2268 4323 uel
2324 4269 2659 4324 manum.
2718 4234 2834 4324 Et
2868 4242 2991 4323 illa
3050 4260 3271 4324 strata
3326 4242 3788 4349 intelligatur
3843 4262 4048 4325 extra
4103 4242 4361 4324 uillam

1142 4404 1621 4483 baennarum.
1681 4401 1853 4482 finis
1907 4421 2161 4482 tamen
2219 4405 2695 4483 baennarum.
2756 4403 2816 4483 si
2874 4429 3056 4484 uero
3114 4421 3506 4484 extraneus
3560 4402 3778 4483 fuerit
3832 4401 3954 4484 uel
4011 4403 4360 4484 bannitus

1141 4561 1236 4641 de
1277 4561 1586 4640 baennis
1624 4562 1751 4665 qui
1790 4560 1911 4641 uel
1948 4588 2089 4667 que
2130 4560 2433 4667 fregerit
2471 4561 2596 4642 uel
2632 4562 3003 4643 robariam
3042 4560 3294 4642 fecerit
3330 4581 3413 4642 ut
3451 4589 3690 4669 supra.
3732 4563 4049 4643 incurrat
4086 4590 4358 4669 penam

1141 4718 1495 4800 librarum
1551 4747 1599 4800 c
1659 4721 2068 4801 astensium
2123 4722 2321 4801 curie
2378 4720 2917 4827 applicandam.
2958 4720 3080 4801 uel
3120 4722 3180 4801 si
3222 4709 3513 4802 soluere
3561 4722 3898 4828 nequibit
3953 4721 4359 4828 suspendio

1138 4881 1506 4987 puniatur.
1572 4879 1714 4960 nisi
1772 4898 1969 4961 esset
2021 4907 2341 4987 persona
2396 4907 2539 4986 que
2597 4880 2899 4961 duceret
2952 4880 3074 4961 uel
3129 4899 3458 4987 portaret
3530 4880 3856 4988 aliquam
3913 4906 4074 4962 rem
4142 4881 4360 4961 alicui

1136 5066 1485 5145 persone.
1548 5057 1807 5120 contra
1863 5039 2023 5120 eius
2077 5039 2571 5121 uoluntatem.
2631 5038 2751 5120 uel
2807 5039 2952 5120 nisi
3009 5059 3205 5121 esset
3261 5039 3449 5120 latro
3487 5038 3611 5120 uel
3648 5041 3889 5120 homo
3928 5040 4124 5121 male
4163 5040 4357 5121 fame

1138 5199 1264 5303 qui
1322 5225 1454 5303 per
1508 5198 1967 5279 habitatores
2022 5197 2479 5278 baennarum
2533 5199 2774 5304 possit
2830 5199 2989 5304 capi
3046 5217 3120 5279 et
3177 5196 3515 5280 detineri.
3574 5199 4000 5281 dummodo
4067 5227 4362 5305 presen-

1139 5375 1338 5436 tetur
1393 5358 1750 5463 potestati
1808 5357 2263 5438 baennarum
2318 5356 2440 5437 uel
2498 5358 2661 5439 eius
2717 5357 2973 5439 locum
3030 5360 3342 5440 tenenti.
3401 5359 3479 5439 in
3536 5359 3805 5465 quibus
3841 5358 4172 5440 cassibus
4226 5360 4367 5439 mi-

1137 5515 1344 5596 nime
1407 5516 1772 5621 puniatur.
