5117 6834
352 1391 492 1470 123

348 3226 497 3302 124

2130 350 2544 456 XXVII

742 633 1089 736 potestati
1159 630 1280 711 uel
1346 658 1484 712 suo
1548 632 1824 712 nuncio
1898 634 2528 714 contrafacientes.
2590 653 2663 714 et
2718 634 2825 714 eis
2881 653 2955 714 et
3010 634 3309 714 cuilibet
3389 636 3721 739 ipsorum
3787 663 3941 720 cre-

742 790 954 869 datur
1008 789 1102 869 de
1157 788 1525 893 predictis.
1586 808 1660 868 et
1715 788 2041 894 quelibet
2091 817 2409 895 persona
2462 791 2701 896 possit
2757 791 2930 871 inde
2985 819 3323 872 accusare
3364 812 3436 873 et
3475 793 3542 872 ei
3599 791 3935 873 credatur

745 948 1190 1027 iuramento,

734 1298 956 1464 DE
1009 1379 1640 1462 CAUEZAGNA
1695 1381 2218 1464 FACLENDA
2289 1367 2423 1475 (1)

860 1591 1215 1795 Qum
1271 1670 1627 1764 statutum
1685 1702 1795 1763 est
1850 1682 2052 1787 quod
2108 1681 2347 1789 aliqua
2403 1710 2719 1787 persona
2776 1711 2930 1763 non
2971 1685 3207 1787 possit
3244 1712 3381 1764 nec
3421 1686 3687 1766 debeat
3723 1713 3925 1766 arare

739 1869 874 1922 nec
931 1842 1259 1922 laborare
1314 1841 1637 1946 aliquam
1693 1860 1963 1921 terram
2018 1868 2160 1946 que
2215 1860 2477 1921 aretur.
2518 1840 2638 1921 uel
2695 1842 2915 1921 uadat
2970 1842 3249 1922 arando
3303 1870 3560 1924 uersus
3622 1842 3924 1948 aliquod

737 2017 1029 2104 pratum
1083 1997 1204 2082 uel
1260 2018 1531 2082 terram
1569 2000 2057 2082 imbrauatam
2095 2025 2337 2078 messe
2376 1997 2502 2077 uel·
2534 1997 2787 2103 aliquo
2804 1962 3038 2078 ‘blado
3094 1998 3213 2080 uel
3270 2026 3682 2106 marzengo
3719 2020 3931 2084 nat0..

737 2183 880 2261 que
935 2175 1189 2236 tamen
1261 2156 1607 2236 choereat
1675 2156 1810 2261 ipsi
1886 2174 2099 2261 prato
2167 2155 2288 2235 uel
2358 2174 2545 2235 terre
2623 2156 3028 2235 imbrauate
3092 2183 3247 2252 (nisi)
3303 2157 3438 2263 (2)
3495 2158 3745 2238 fecerit
3801 2158 3923 2239 uel

736 2313 1048 2396 arauetit
1102 2340 1605 2418 cauezagnam
1679 2312 1773 2393 de
1844 2340 2100 2393 uersus
2172 2313 2455 2392 dictum
2509 2331 2801 2417 pratum
2859 2333 2931 2392 et
2985 2333 3255 2393 terram
3311 2314 3718 2418 predictam
3772 2343 3928 2395 am-

734 2470 938 2577 plam
993 2498 1094 2552 x11
1151 2470 1472 2552 sulcibus
1526 2470 1617 2550 ad
1675 2472 1946 2552 minus.
2007 2473 2141 2550 sub
2196 2498 2383 2576 pena
2441 2470 2857 2552 solidorum
2913 2499 2989 2552 111
3045 2473 3241 2552 curie
3298 2491 3373 2552 et
3426 2471 3748 2554 totidem
3784 2499 3922 2578 pro

736 2629 1052 2710 emenda
1107 2628 1211 2709 illi
1269 2630 1476 2710 cuius
1531 2627 1940 2734 dampnum
1996 2627 2232 2709 fuerit.
2294 2649 2366 2709 et
2421 2630 2747 2733 quelibet
2819 2656 3133 2734 persona
3187 2631 3428 2736 possit
3484 2630 3657 2711 inde
3714 2657 3925 2709 accu-

737 2814 893 2868 sare
950 2807 1023 2868 et
1081 2788 1148 2868 ei
1204 2789 1621 2868 iuramento
1679 2787 2033 2867 credatur.

725 3129 1134 3338 QOD
1190 3215 1429 3298 NON
1473 3214 2136 3298 RONCHETUR
2188 3216 2300 3296 IN
2353 3215 2804 3296 DEFEXIO

852 3430 1232 3633 Qum
1282 3544 1638 3606 statutum
1712 3544 1825 3605 est
1906 3524 2109 3629 quod
2175 3552 2406 3605 nemo
2473 3526 2712 3629 possit
2774 3526 3133 3606 ronchare
3207 3525 3327 3606 uel
3404 3489 3725 3632 strepare
3796 3556 3919 3609 oc-

730 3687 1029 3766 casione
1084 3682 1492 3767 ronchandi
1549 3684 1625 3763 in
1680 3681 1978 3763 defexio
2033 3681 2254 3787 lequi.
2313 3701 2386 3762 et
2441 3682 2892 3763 baennarum
2931 3710 3068 3762 nec
3107 3684 3183 3763 in
3222 3686 3501 3788 gateria
3556 3684 3691 3792 (3)
3730 3687 3917 3768 sicut

727 3843 932 3923 uadit
986 3841 1461 3923 mondalauia
1498 3841 1631 3948 (4)
1669 3869 1711 3920 a
1751 3841 2054 3945 gateria.
2093 3867 2326 3945 usque
2365 3840 2458 3920 ad
2496 3841 2864 3920 boschum
2920 3842 3352 3921 monasterii
3395 3843 3909 3925 narzolearum

728 4003 914 4082 sicut
970 4018 1167 4081 stant
1222 4020 1294 4080 et
1348 4000 1627 4080 uadunt
1699 4001 1853 4103 ripe
1928 3996 2425 4078 mondalauie.
2502 4026 2544 4077 a
2616 3995 2850 4078 fundo
2906 4024 3092 4102 aque
3149 4000 3621 4080 mundalauie
3679 4027 3910 4106 usque

724 4158 816 4239 ad
873 4160 1147 4238 cimam
1202 4156 1471 4237 defexii
1528 4156 1833 4261 predicti
1909 4174 1984 4234 et
2057 4154 2336 4260 gaterie
2406 4153 2733 4259 predicte
2792 4173 2866 4234 et
2921 4153 3103 4234 infra
3158 4154 3435 4235 dictam
3491 4158 3765 4236 cimam
3832 4159 3911 4237 in

724 4316 974 4420 aliquo
1048 4314 1246 4395 loco,
1317 4316 1412 4393 Et
1484 4314 1609 4416 qui
1683 4330 1940 4392 contra
2013 4310 2265 4392 fecerit
2338 4310 2582 4391 soluat
2634 4338 2772 4417 pro
2826 4339 3013 4417 pena
3070 4313 3376 4416 quocies
3429 4312 3682 4394 fecerit
3738 4314 3910 4394 soli-

723 4475 867 4554 dos
919 4501 1019 4552 xx
1074 4472 1271 4552 curie
1329 4489 1401 4550 et
1458 4469 1747 4550 solidos
1801 4498 1900 4549 xx
1956 4470 2260 4549 comuni
2316 4496 2454 4572 pro
2494 4467 2833 4548 emenda.
2882 4495 3019 4574 pro
3067 4469 3403 4573 quolibet
3460 4490 3532 4551 et
3586 4470 3910 4576 qualibet

721 4632 907 4710 uice.
966 4648 1040 4709 et
1092 4628 1626 4708 nichilominus
1680 4626 1882 4733 quod
1941 4646 2136 4708 esset
2188 4626 2632 4707 ronchatum
2687 4625 3103 4706 laboratum
3157 4626 3277 4706 uel
3336 4647 3740 4734 strepatum
3796 4658 3904 4711 re-

723 4807 1020 4868 maneat
1075 4806 1148 4867 et
1201 4813 1580 4866 remanere
1662 4785 1925 4865 debeat
2006 4786 2300 4890 penitus
2381 4785 2709 4864 comuni.
2770 4804 2843 4864 et
2904 4784 3108 4890 quod
3182 4804 3513 4889 potestas
3584 4788 3707 4890 qui
3770 4816 3909 4893 pro

722 4965 1062 5049 tempore
1118 4942 1334 5024 fuerit
1388 4971 1543 5024 non
1598 4944 1836 5049 possit
1889 4970 2167 5049 ponere
2224 4941 2345 5023 uel
2399 4943 2580 5047 poni
2636 4942 2871 5022 facere
2927 4942 3006 5021 in
3061 4943 3424 5023 conscilio
3479 4943 3683 5049 quod
3739 4972 3907 5025 ron-

722 5104 999 5183 chetur.
1058 5120 1148 5182 et·
1187 5103 1248 5182 si
1301 5120 1633 5208 potestas
1687 5101 1806 5182 uel
1864 5101 2117 5181 locum
2188 5120 2451 5181 tenens
2514 5119 2826 5204 poneret
2881 5099 3003 5180 uel
3056 5102 3238 5204 poni
3276 5099 3542 5184 faceret
3614 5102 3906 5196 amittat

723 5258 816 5339 de
873 5286 1012 5339 suo
1069 5258 1333 5340 salario
1390 5258 1610 5340 libras
1663 5285 1739 5339 x.
