5117 6834
1141 649 1159 698 1.
1439 624 1547 694 ec
1619 613 1838 693 sunt
1914 588 2314 727 capitula
2385 588 2623 695 facta
2718 614 3157 728 tempore
3231 591 3602 696 domini
3677 597 4166 731 aymoneti
4218 593 4338 700 de

1353 782 1390 893 23-
1439 807 1752 886 sancta
1825 783 2212 887 victoria
2286 784 2769 921 potestatis
2843 784 3429 890 baennarum
3490 768 3655 925 per
3704 785 4338 928 infrascriptos

1155 972 1836 1112 capitulatoreS.
1920 965 2210 1080 silicet
2288 978 2682 1080 Minum
2772 978 3184 1116 nigrum.
3291 977 3926 1084 francischum
3993 955 4337 1086 'barbe-

1083 1244 1087 1248 -
1155 1168 1438 1273 rium.
1521 1166 2047 1311 nicolinum
2122 1167 2512 1306 gallum.
2593 1170 3090 1275 henricum
3165 1170 3719 1277 bealecium.
3797 1173 4334 1281 Iohannem

1156 1363 1737 1467 moiranum.
1830 1363 2382 1499 Georgium
2456 1352 2991 1500 giraudum.
3071 1363 3554 1470 nicolaum
3641 1404 4096 1506 cognum.
4175 1368 4337 1472 vil-

1156 1552 1576 1658 lermum
1632 1553 2184 1659 carnaliam.
2262 1557 2724 1660 Iacobum
2787 1556 3186 1661 dolium.
3271 1583 3362 1662 et
3434 1561 3940 1699 georgium
4017 1599 4335 1666 mane-

1158 1750 1513 1852 serium
1565 1747 1738 1851 sub
1811 1785 2062 1851 anno
2128 1750 2497 1852 domini
2563 1748 3077 1856 millesimo
3154 1788 3588 1858 cccxxlm
3635 1732 4117 1860 'indicione
4174 1793 4329 1862 vn.

1070 1986 1076 1992 ·
1160 1963 1249 2044 et
1314 1939 1875 2044 confirmata
1948 1966 2041 2045 et
2113 1940 2619 2080 approbata
2697 1979 2858 2080 per
2930 1942 3355 2049 nobilem
3428 1947 3743 2049 virum
3819 1945 4334 2052 dominum

1158 2134 1696 2238 Oddonem-
1745 2134 1861 2238 de
1912 2135 2239 2272 riparia
2312 2137 2770 2239 vicariurn
2845 2136 3213 2241 domini
3288 2137 3774 2243 Guidonis
3847 2140 3997 2247 dei
4045 2139 4336 2278 gratia

1157 2329 1551 2432 astensis
1635 2330 2102 2467 Episcopi.
2184 2352 2274 2433 et
2349 2326 2579 2433 lecta
2658 2353 2748 2434 et
2821 2327 3284 2469 publicata
3359 2333 3451 2435 in
3526 2330 3825 2471 plena
3874 2336 4336 2439 concione

1147 2519 1766 2625 ‘baennarum
1849 2523 1998 2626 die
2072 2557 2295 2626 xvm
2365 2524 2720 2626 mensis
2787 2522 3186 2628 februari
3262 2560 3428 2662 per
3501 2526 4053 2664 Georgium
4128 2565 4334 2631 ma·
4453 2639 4458 2644 ,

1158 2716 1637 2819 neserium
1711 2718 2193 2820 notarium
2268 2713 2509 2820 dicte
2584 2716 2908 2821 Curie.

771 3372 912 3451 313
1136 3268 1358 3434 DE
1410 3298 1735 3433 RIANA
1771 3351 1990 3449 QUE
2022 3352 2210 3433 EST
2245 3352 2577 3435 IUXTA
2613 3336 3332 3441 chENTERsuM
3368 3360 3678 3459 Quor>
3714 3364 4124 3447 DEBEAT
4154 3367 4314 3451 RE-

1450 3507 1878 3603 MANERE
1931 3509 2466 3593 EXPEmTA.
3375 3522 3381 3527 ·

1264 3722 1452 3926 ἒξ
1477 3835 1634 3890 ‘rr-:M
1688 3829 2044 3891 statutum
2102 3829 2214 3889 est
2269 3809 2469 3928 quod
2526 3811 2725 3888 riana
2777 3836 2920 3914 que
2977 3827 3090 3890 est
3144 3809 3343 3889 iuxta
3391 3811 3905 3890 cimenterium
3963 3832 4338 3891 remaneat

1155 3986 1403 4076 aperta
1460 3986 1532 4048 et
1589 3967 1929 4073 expedita
1986 3996 2026 4047 a
2082 3967 2481 4047 retitudine
2539 3967 2814 4047 domus
2869 3967 3154 4071 Georgi
3213 3967 3526 4072 giraudi.
3585 3954 3819 4073 usque
3875 3968 3964 4048 ad
4023 3989 4336 4074 pontem

1158 4152 1605 4233 cognoram.
1664 4124 1792 4206 tali
1847 4124 2086 4205 modo
2143 4125 2345 4230 quod
2402 4152 2591 4230 aqua
2657 4125 2852 4205 dicte
2909 4126 3107 4205 riane
3182 4127 3420 4230 possit
3476 4125 3615 4205 labi
3676 4145 3748 4206 et
3803 4125 4172 4207 discolari.
4248 4128 4340 4207 Et

1156 4284 1360 4392 quod
1417 4302 1751 4389 potestas
1805 4284 1878 4363 in
1934 4310 2276 4364 mensem
2334 4309 2564 4362 unum
2650 4303 3049 4389 postquam
3133 4285 3476 4364 iurauerit
3558 4285 3918 4388 regimen.
4005 4303 4339 4364 teneatur

1156 4441 1391 4522 facere
1449 4441 1625 4545 eligi
1685 4441 1878 4521 duos
1934 4441 2281 4521 homines
2335 4442 2459 4545 qui
2516 4459 2903 4520 teneantur
2960 4459 3034 4519 et
3089 4441 3404 4521 debeant
3442 4441 3854 4553 discernere
3894 4441 4088 4522 dicta
4146 4441 4333 4521 loca.

1160 4618 1233 4681 et
1288 4599 1698 4679 secundum
1757 4598 1960 4703 quod
2019 4598 2600 4702 discignauerint
2659 4617 2732 4678 et
2789 4598 3110 4678 dixerint
3166 4599 3624 4678 obseruetur.
3683 4598 3775 4678 Et
3830 4626 4147 4704 persona
4193 4626 4335 4704 que

1158 4778 1415 4839 contra
1470 4752 1736 4837 faceret
1792 4755 2271 4861 impediendo
2328 4755 2602 4835 dictam
2661 4757 2942 4836 rianam
3003 4783 3132 4836 seu
3188 4757 3513 4836 uetando
3568 4784 3662 4836 ne
3719 4756 3912 4836 dicta
3965 4784 4150 4862 aqua
4193 4756 4334 4837 labi

1046 4960 1051 4964 ·
1160 4937 1233 4997 et
1273 4913 1617 4996 discolari
1674 4916 1909 5019 possit
1965 4940 2092 5019 per
2147 4913 2341 4993 dicta
2397 4913 2562 4994 loca
2616 4940 2745 5019 per
2797 4913 3042 4994 dictos
3092 4916 3460 5019 sapientes
3497 4914 3882 5019 designata
3921 4915 4162 4995 soluat
4197 4941 4333 5020 pro

1155 5102 1346 5181 pena
1378 5072 1690 5155 solidos
1745 5102 1815 5152 x.
1875 5100 2010 5178 pro
2066 5070 2389 5177 qualibet
2446 5099 2759 5177 persona
2816 5091 2889 5152 et
2946 5071 3268 5177 qualibet
3324 5072 3509 5152 uice.
3568 5100 3710 5177 qua
3793 5071 4329 5153 contrafecerit.

1160 5234 1251 5315 Et
1307 5234 1400 5314 de
1456 5233 1801 5340 predictis
1856 5230 2180 5337 quelibet
2236 5257 2550 5336 persona
2634 5233 2870 5337 possit
2947 5232 3117 5311 inde
3173 5258 3512 5311 accusare
3569 5230 4201 5311 contrafacientes,
4261 5249 4334 5311 et

1160 5395 1228 5477 ei
1287 5395 1704 5473 iuramento
1760 5391 2114 5472 credatur.
2175 5390 2269 5470 Et
2323 5388 2681 5470 dominus
2734 5408 3066 5496 potestas
3119 5391 3356 5495 possit
3394 5374 3836 5471 etteneatur
3893 5390 4064 5470 inde
4105 5390 4350 5494 inqui-·

1159 5579 1366 5633 rere..
1424 5553 1517 5632 Et
1573 5551 1772 5657 quod
1813 5550 2167 5668 dominus
2195 5568 2526 5655 potestas
2564 5569 2636 5629 et
2674 5549 2852 5629 dicti
2892 5548 3046 5630 duo
3086 5548 3300 5630 electi
3337 5549 3430 5628 ad
3469 5548 4015 5653 designandum
4054 5548 4332 5628 dictam
