5117 6834
839 1701 988 1803 360

850 3694 990 3795 361

1222 643 1344 723 uel
1402 643 1768 722 maiorem
1846 661 2126 746 partem
2204 643 2537 745 ipsorum
2592 640 2901 721 'dictum
2980 639 3099 722 uel
3172 639 3477 721 factum·
3523 668 3650 721 seu
3724 641 4150 721 ordinatum
4208 642 4422 721 fuerit

1132 792 1136 797 ⁸
1230 828 1445 905 super
1500 765 1851 905 predictis
1907 798 2208 880 fossatis
2262 799 2390 878 fiat
2447 818 2521 878 et
2577 799 3018 879 attendetur.
3076 799 3169 879 Et
3225 798 3427 903 quod
3486 798 3693 878 aliter
3730 817 4062 903 potestas
4098 799 4421 905 aliquam

1227 986 1498 1064 penam
1557 985 1687 1038 seu
1743 956 2047 1063 aliquod
2104 956 2431 1036 bannum
2489 956 2756 1036 habere
2813 983 2968 1036 non
3026 958 3283 1061 possit.
3343 957 3524 1038 dum
3564 957 3838 1037 fossata
3876 958 4024 1037 sint
4059 956 4257 1037 illius
4291 957 4433 1037 lar-'

1228 1116 1590 1220 gitudinis
1645 1134 1718 1195 et
1772 1114 2294 1219 profunditatis
2375 1141 2517 1219 que
2602 1116 3022 1194 continetur
3104 1116 3180 1193 in
3255 1114 3593 1219 capitulis
3648 1114 3819 1194 inde
3876 1113 4084 1194 factis
4140 1113 4420 1194 nullam

1195 1251 1496 1378 'penam
1541 1273 1960 1360 ,substineat
2013 1299 2328 1378 persona
2383 1272 2774 1377 inculpata.
2833 1271 3007 1352 licet
3061 1271 3249 1352 forte
3307 1299 3463 1352 non
3521 1291 3768 1353 essent
3842 1292 4147 1352 scutata.

1123 1707 1130 1712 ’
1224 1624 1449 1790 DE
1505 1702 1847 1783 CESSIA
1898 1699 2516 1783 STREPANDA
2568 1699 2713 1779 AD
2768 1696 3340 1780 UILLARIUM
3395 1695 4129 1778 COSTEMAGNE.

1352 1919 1706 2122 Qum
1762 2029 2123 2090 statutum
2180 2029 2290 2088 est
2346 2008 2549 2112 quod
2605 2007 2931 2112 quelibet
2984 2035 3301 2112 persona
3373 2035 3517 2113 que
3574 2009 3795 2089 habet
3850 2011 4410 2114 possessionem

1237 2168 1560 2274 aliquam
1618 2169 1826 2252 iuxta.
1877 2170 2078 2247 uiam
2134 2166 2506 2272 publicam
2562 2193 2691 2271 per
2744 2165 3049 2270 planum
3106 2185 3595 2271 costemagne
3678 2195 3720 2247 a
3794 2168 3915 2247 uia
3971 2194 4220 2248 crossa
4276 2195 4418 2273 que

1232 2344 1344 2404 est
1402 2325 1475 2404 in
1551 2326 1786 2430 capite
1842 2324 2121 2404 banniti
2185 2351 2415 2431 usque
2472 2323 2566 2403 ad
2621 2322 2992 2404 uillarium
3062 2342 3572 2427 costemagne.
3632 2343 3966 2404 teneatur
4023 2343 4097 2404 et
4152 2324 4417 2405 debeat

1234 2501 1552 2588 strepare
1609 2484 1922 2564 cessiam
1979 2509 2106 2587 per
2162 2482 2439 2561 dictam
2503 2483 2703 2560 uiam
2773 2501 3061 2561 tanturn
3127 2500 3485 2587 quantum
3559 2501 3763 2562 tenet
3820 2509 3949 2562 sua
4012 2483 4414 2587 possessio.

1236 2644 1295 2723 si
1352 2670 1494 2747 qua
1551 2642 1652 2721 ibi
1710 2641 1946 2722 fuerit.
2007 2641 2230 2722 saluis
2284 2639 2669 2720 arboribus
2739 2640 2874 2744 piri
2950 2659 3024 2719 et
3096 2640 3344 2743 meyle
3418 2641 3605 2719 ruris
3669 2657 3743 2721 et
3798 2641 3979 2720 cerri
4037 2667 4268 2746 usque
4324 2640 4415 2719 ad

1234 2801 1518 2880 exitum
1579 2799 1809 2879 madii
1847 2818 1922 2879 et
1960 2797 2495 2878 nichilominus
2530 2817 2868 2877 teneatur
2903 2817 3154 2877 tenere
3195 2816 3270 2876 et
3307 2816 3787 2879 manutenere
3845 2816 4162 2903 strepata
4201 2824 4418 2902 super

1234 2956 1430 3036 dicta
1487 2956 1678 3036 loca.
1738 2959 1872 3036 sub
1927 2982 2116 3060 pena
2174 2973 2248 3035 et
2301 2957 2551 3066 banno
2607 2953 3023 3034 solidorum
3080 2981 3179 3035 111.
3236 2955 3331 3034 Et
3384 2954 3586 3059 quod
3671 2974 4002 3059 potestas
4082 2973 4416 3035 teneatur

1235 3131 1309 3194 et
1366 3113 1634 3194 debeat
1691 3114 2057 3219 inquirere
2113 3112 2436 3217 predicta
2511 3077 2585 3192 et
2639 3096 2897 3216 punire
2980 3110 3380 3217 culpabiles
3435 3131 3509 3192 et
3565 3111 4176 3194 contrafacientes
4257 3140 4413 3193 non

1236 3270 1582 3351 obstante
1638 3271 1888 3376 aliquo
1944 3270 2268 3376 capitulo
2324 3270 2400 3348 in
2458 3269 2916 3349 contrarium
2973 3268 3191 3350 facto.

1230 3613 1635 3821 QJoD
1688 3691 1929 3773 FIAT
1981 3691 2537 3772 FOSSATUM
2591 3690 2703 3772 IN
2758 3688 3059 3771 CONA
3104 3650 3238 3792 (ᾗ)
3294 3672 3623 3769 IUXTA
3678 3686 4149 3767 COMUNE.

1358 3908 1717 4111 Quam
1766 4022 2123 4084 statutum
2191 4021 2302 4082 est
2349 4001 2550 4108 quod
2593 4002 2918 4106 quelibet
2980 4027 3295 4105 persona
3350 4003 3630 4081 habens
3682 4003 4241 4106 possessionem
4298 4002 4423 4082 ali-

1240 4188 1463 4267 quam
1518 4162 1595 4242 in
1651 4160 1797 4241 fine
1854 4180 2364 4266 costemagne.
2423 4160 2702 4241 scilicet
2738 4162 2814 4240 in
2870 4188 3056 4241 cona
3115 4161 3320 4240 iuxta
3377 4186 3722 4240 comune.
3782 4177 4115 4240 teneatur
4182 4160 4418 4241 facere

1242 4318 1604 4399 fossatum
1662 4318 1957 4423 largum
2013 4347 2062 4398 11
2122 4320 2432 4423 pedibus
2487 4338 2560 4398 et
2615 4318 3068 4424 profundum
3124 4347 3279 4399 uno
3336 4319 3524 4424 pede
3562 4319 3734 4398 hinc
3790 4319 3881 4399 ad
3921 4318 4194 4399 festum
4252 4346 4423 4424 pen·

1215 4494 1590 4563 tecostes.
1649 4477 1750 4555 ita
1808 4476 2010 4579 quod
2068 4476 2350 4555 dictum
2436 4476 2798 4557 fossatum
2882 4477 3229 4557 choereat
3311 4477 3507 4557 dicte
3592 4497 3720 4558 sue
3787 4477 4270 4581 possessioni.
4330 4478 4423 4558 Et

1246 4659 1537 4737 semper
1592 4650 1926 4712 teneatur
1982 4632 2264 4733 dictum
2322 4632 2685 4714 fossatum
2769 4652 3248 4713 manutenere
3331 4633 3624 4738 largum
3700 4653 3773 4714 et
3827 4634 4280 4738 profundum
4343 4656 4424 4715 ut

1245 4790 1545 4908 dictum·
1588 4809 1699 4869 est
1756 4790 1891 4869 sub
1947 4817 2134 4893 pena
2192 4790 2608 4871 solidorum
2664 4817 2740 4870 111
2797 4791 2993 4870 curie
3075 4818 3210 4896 pro
3294 4789 3617 4895 qualibet
3679 4818 3996 4895 persona
4054 4791 4421 4872 contrafa-

1246 4951 1510 5029 ciente.
1570 4949 1662 5027 Et
1716 4974 1905 5052 pena
1963 4947 2204 5027 soluta
2263 4946 2795 5067 nichilominus
2831 4967 3163 5029 teneatur
3201 4947 3434 5028 facere
3477 4969 3549 5027 et
3588 4971 4067 5029 manutenere
4125 4976 4419 5055 semper

1245 5107 1528 5188 dictum
1584 5109 1949 5220 tossatum
2005 5124 2087 5185 ut
2143 5105 2557 5210 predictum
2615 5125 2727 5185 est
2783 5109 2916 5186 sub
2983 5106 3244 5186 eadem
3299 5134 3514 5210 pena.
3574 5108 3666 5186 Et
3721 5106 4049 5211 quelibet
4102 5134 4425 5211 persona

1245 5265 1485 5369 possit
1539 5265 1712 5345 inde
1770 5290 2132 5344 accusare.
2193 5281 2266 5343 et
2297 5265 2484 5344 ‘eius
2540 5265 2958 5344 iuramento
3014 5263 3345 5344 credatur
3384 5282 3458 5343 et
3495 5264 3760 5344 habeat
3798 5265 4090 5344 tertiam
4130 5284 4417 5369 partem

1260 5420 1506 5500 banni.
1567 5423 1660 5502 Et
1713 5441 2046 5529 potestas
2088 5397 2339 5528 ,possit
2395 5422 2567 5502 inde
2624 5422 2987 5526 inquirere
3051 5448 3208 5502 non
3265 5422 3608 5501 obstante
3662 5421 3914 5525 aliquo
3971 5421 4293 5526 capitulo
4348 5423 4424 5500 in

1252 5579 1703 5659 contrarium
1759 5579 1978 5660 facto.
2038 5581 2131 5659 Et
2187 5579 2723 5660 nichilominus
2796 5597 3126 5683 potestas
3198 5597 3531 5659 teneatur
3614 5579 3848 5659 facere
3922 5579 4079 5659 fieri
4139 5579 4422 5659 dictum
