5117 6834
321 785 478 865 304

331 2996 474 3076 305

2093 366 2486 472 LXXII

632 882 639 889 .
698 680 920 849 DE
972 761 1720 850 MERETRICIBUS
1771 764 1907 848 ET
1958 764 2419 853 RIBALDIS
2486 767 2726 853 NON
2778 770 3442 856 REDUCENDIS.

819 977 1011 1185 Q
1032 1097 1189 1151 TEM
1244 1088 1601 1151 statutum
1659 1085 1771 1148 est
1825 1067 2031 1174 quod
2112 1065 2354 1171 aliqua
2434 1092 2750 1172 persona
2831 1065 2924 1145 de
2999 1066 3307 1146 baennis
3358 1063 3499 1155 uel,
3535 1065 3637 1145 ibi
3691 1064 3891 1146 habi-

718 1250 884 1310 tans
939 1255 1096 1308 non
1150 1228 1415 1308 audeat
1471 1225 1589 1306 uel
1645 1244 2020 1331 presumat
2076 1225 2397 1330 ospitare
2456 1221 2576 1304 uel
2630 1242 3004 1328 receptare
3060 1223 3382 1329 aliquam
3421 1224 3890 1305 meretricem

714 1389 869 1468 siue
926 1385 1289 1467 ribaldum
1345 1386 1479 1493 (1)
1526 1385 1601 1464 in
1656 1383 1894 1465 domo
1951 1410 2080 1464 sua
2134 1381 2254 1462 uel
2310 1380 2788 1463 habitationis
2844 1407 2973 1461 sue
3028 1400 3199 1487 post
3256 1408 3692 1486 campanam
3752 1409 3888 1463 aue

715 1546 971 1625 marie.
1030 1544 1123 1624 Et
1179 1546 1235 1624 si
1295 1544 1460 1648 quis
1516 1570 1608 1622 ex
1645 1541 1863 1621 dictis
1898 1540 2199 1620 ribaldis
2233 1539 2355 1619 uel
2393 1539 2904 1619 meretricibus
2940 1540 3240 1619 inuenta
3276 1538 3396 1620 uel
3434 1541 3630 1621 uissa
3667 1541 3881 1620 luerit

718 1703 793 1782 in
849 1703 1086 1782 domo
1144 1728 1273 1781 seu
1327 1679 1786 1780 habitatione
1825 1696 2132 1779 alicuius
2168 1697 2261 1777 de
2302 1697 2610 1777 baennis
2645 1696 2765 1777 uel
2803 1697 2902 1776 ibi
2942 1695 3338 1778 habitantis
3381 1716 3554 1802 post
3607 1697 3889 1778 dictum

715 1886 990 1941 sonum
1051 1859 1292 1940 soluat
1331 1859 1687 1938 dominus
1743 1856 1861 1937 uel
1891 1856 2200 1937 domina
2237 1854 2537 1935 domus.
2580 1853 2698 1936 uel
2737 1856 2946 1935 cuius
2983 1855 3485 1937 habitaculum
3523 1856 3884 1940 habuerit.

721 2046 857 2124 pro
913 2017 1245 2123 quolibet
1303 2037 1374 2096 et
1430 2015 1755 2121 qualibet
1811 2015 1970 2094 uice
2029 2014 2318 2095 solidos
2369 2030 2443 2093 v,
2504 2015 2597 2094 Et
2651 2013 2977 2120 quelibet
3031 2041 3345 2120 persona
3427 2015 3665 2120 possit
3719 2015 3891 2095 inde

720 2203 1058 2256 accusare
1116 2192 1190 2255 et
1245 2173 1638 2253 familiares
1712 2173 2002 2253 domini
2086 2170 2499 2277 potestatis.
2558 2190 2634 2252 et
2689 2172 2848 2252 eius
2903 2172 3321 2252 iuramento
3404 2171 3759 2253 credatur.
3818 2191 3892 2252 et

718 2333 985 2414 habeat
1042 2335 1332 2414 tertiam
1392 2352 1676 2438 partem
1736 2333 1954 2412 banni
2012 2348 2085 2410 et
2141 2330 2496 2411 dominus
2580 2348 2910 2435 potestas
2989 2330 3227 2435 possit
3301 2330 3472 2411 inde
3529 2331 3891 2437 inquirere

719 2491 809 2571 ad
870 2519 1082 2571 suam
1137 2490 1626 2571 uoluntatem.

609 3018 618 3027 ·
695 2889 919 3055 DE
970 2969 1598 3058 scANDALus
1650 2932 2187 3061 TENENmS.

817 3185 1009 3392 Q
1040 3305 1197 3359 TEM
1253 3298 1610 3360 statutum
1650 3298 1761 3358 est
1798 3278 2003 3385 quod
2061 3278 2385 3358 sindicus
2442 3278 2789 3358 comunis
2835 3278 2959 3382 qui
3007 3304 3204 3357 nunc
3242 3294 3354 3357 est
3391 3276 3511 3357 uel
3540 3303 3676 3382 pro
3712 3294 3896 3357 tem-

721 3464 903 3543 pore
960 3435 1172 3515 fuerit
1230 3437 1305 3516 in
1360 3437 1721 3545 principio
1776 3436 2166 3540 regiminis
2219 3436 2614 3540 potestatis
2667 3453 3001 3554 teneatur
3039 3461 3286 3515 emere
3323 3434 3519 3515 duos
3573 3434 3898 3515 scandal-

724 3593 842 3674 los
897 3623 1127 3675 unum
1187 3621 1536 3700 grossum
1594 3559 1666 3676 et
1721 3583 1957 3675 alium·
2007 3613 2399 3675 menutum
2483 3595 2827 3700 expensis
2900 3594 3246 3675 comunis
3299 3593 3393 3672 ad
3448 3620 3643 3699 quos
3699 3619 3900 3674 scan-

722 3753 964 3833 dallos
1017 3753 1333 3834 debeant
1391 3754 1799 3859 ponderare
1856 3780 2124 3833 omnes
2180 3779 2298 3832 res
2354 3750 2654 3833 uenales
2709 3779 2852 3858 que
2906 3752 3326 3833 uenduntur
3360 3751 3454 3832 ad
3492 3752 3787 3857 pondus
3823 3752 3899 3831 in

724 3910 1031 3991 baennis
1089 3931 1162 3991 et
1215 3939 1463 4017 posse.
1522 3914 1616 3992 Et
1671 3912 1875 4016 quod
1932 3911 2312 3991 ordinetur
2367 3937 2559 3991 unus
2613 3911 2853 3991 homo
2908 3912 3152 3991 bonus
3205 3928 3281 3990 et
3336 3908 3598 4016 legalis
3635 3912 3760 4016 qui
3796 3930 3901 3991 te·

721 4090 976 4150 neatur
1031 4075 1281 4150 tenere
1336 4070 1570 4150 dictas
1627 4096 1876 4175 pessas
1930 4088 2004 4149 et
2059 4067 2431 4149 custodire
2513 4095 2596 4148 ac
2656 4068 2934 4149 saluare
2992 4087 3066 4149 et
3119 4040 3526 4174 ponderare
3599 4068 3899 4149 cuilibet

725 4229 1003 4308 ementi
1061 4247 1135 4308 et
1190 4228 1540 4308 uendenti
1600 4247 1819 4332 prout
1873 4227 2267 4334 requisitus
2321 4226 2534 4307 fuerit
2591 4244 2665 4307 et
2719 4224 2984 4307 habeat
3036 4226 3128 4307 ab
3183 4227 3549 4308 extraneis
3584 4253 3720 4332 pro
3758 4253 3898 4307 suo

727 4385 991 4481 salario
1046 4385 1140 4465 de
1198 4384 1531 4490 quolibet
1585 4388 1771 4465 rubo
1828 4384 2144 4465 obolum
2198 4411 2432 4464 unum
2516 4410 2745 4490 usque
2803 4384 2877 4464 in
2933 4385 3133 4464 rubis
3185 4413 3233 4463 x
3291 4404 3365 4465 et
3416 4385 3510 4465 ad
3564 4387 3792 4466 rubos
3844 4411 3898 4466 x

730 4569 942 4648 supra
1000 4571 1133 4648 pro
1191 4542 1551 4648 quolibet,
1582 4543 1911 4624 cantario
1966 4542 2354 4623 denarium
2410 4570 2459 4622 1.
2519 4543 2611 4621 Et
2668 4543 2729 4621 si
2786 4570 2927 4647 qua
2981 4569 3299 4648 persona
3379 4543 3942 4648 ponderauerit·

724 4700 817 4779 ad
873 4700 1071 4780 aliud
1128 4700 1423 4806 pondus
1477 4727 1699 4805 quam
1759 4701 1909 4780 iam
1963 4699 2247 4780 dictum
2305 4706 2418 4780 es‘t
2475 4698 2719 4780 soluat
2784 4701 3090 4804 quocies
3154 4699 3664 4781 contrafecerit
3729 4699 3899 4781 soli-

724 4857 866 4939 dos
920 4888 967 4937 v
1026 4879 1097 4939 et
1153 4857 1479 4964 quelibet
1532 4884 1848 4962 persona
1903 4859 2141 4962 possit
2196 4857 2369 4937 inde
2410 4883 2765 4938 ‘accusare
2820 4877 2896 4938 et
2952 4858 3019 4938 ei
3077 4858 3493 4939 iuramento
3565 4856 3897 4937 credatur

727 5037 801 5097 et
838 5019 1102 5097 habeat
1166 5018 1460 5097 tertiam
1525 5035 1808 5120 partem
1874 5016 2121 5095 banni.
2181 5015 2301 5096 uel
2356 5016 2447 5096 ad
2504 5015 2644 5095 alia
2685 5034 3061 5096 recercata
3133 5016 3226 5096 ad
3283 5017 3476 5096 dicta
3531 5014 3897 5096 scandalia

724 5179 1093 5256 comunis
