5117 6834
879 723 981 798 40

876 1929 966 2002 41

863 3915 960 3989 42

1239 645 1642 851 QJOD
1697 725 2389 808 SAXIMENTUM
2441 728 2679 809 NON
2734 727 2972 808 FIAT
3025 728 3136 808 IN
3188 728 3356 808 DIE
3408 727 3889 810 MERCATI.

1339 938 1529 1141 Q
1563 1065 1717 1120 TEM
1774 1058 2127 1120 statutum
2184 1059 2294 1120 est
2347 1041 2551 1145 quod
2609 1042 2669 1121 si
2723 1040 2985 1146 aliquis
3049 1041 3337 1122 duxerit
3399 1041 3717 1147 aliquam
3783 1044 4281 1126 mercandiam
4337 1045 4412 1124 in

1245 1217 1650 1277 mercatum
1711 1201 2154 1278 baennarum
2201 1197 2436 1279 silicet
2489 1200 2567 1280 in
2622 1199 2742 1279 die
2797 1201 3099 1280 mercati
3136 1200 3339 1304 quod
3376 1200 3451 1279 in
3507 1200 3830 1304 predicta
3885 1219 4043 1280 tota
4099 1201 4218 1281 die
4257 1228 4412 1281 non

1245 1357 1478 1459 possit
1541 1354 1814 1459 aliquid
1869 1355 2086 1435 saxiri
2149 1382 2287 1435 nec
2341 1355 2615 1461 aliquid
2671 1356 2981 1437 detineri
3036 1357 3238 1462 quod
3293 1357 3580 1438 duxerit
3643 1356 3763 1437 uel
3826 1359 4271 1462 aportauerit
4334 1360 4409 1437 in

1244 1513 1524 1593 dictum
1579 1533 1984 1594 mercatum
2040 1513 2158 1594 uel
2213 1513 2485 1619 aliquid
2540 1514 2743 1619 quod
2800 1516 3061 1595 emerit
3115 1515 3191 1594 in
3243 1515 3566 1619 predicta
3619 1515 3740 1596 die
3794 1517 4118 1596 mercati.

1235 1856 1458 2022 DE
1511 1929 1784 2018 PENA
1836 1939 2460 2034 IMPONENDA
2513 1942 2703 2024 PER
2764 1941 3464 2022 POTFSTATEM
3526 1941 3732 2025 PRO
3795 1941 4171 2022 BANNIS
4234 1940 4398 2021 EX·

1548 2095 2109 2176 CUTIENDIS.

1359 2309 1712 2512 &Tm
1767 2428 2118 2490 statutum
2169 2428 2279 2489 est
2323 2408 2524 2513 quod
2569 2427 2898 2513 potestas
2943 2434 3098 2487 non
3143 2409 3378 2512 possit
3424 2409 3806 2512 imponere
3843 2437 4110 2513 penam
4150 2438 4203 2489 in
4240 2438 4406 2493 causis

1233 2592 1586 2647 criminalibus
1640 2566 1775 2673 (2)
1838 2566 2050 2646 alicui
2113 2593 2427 2671 persone
2490 2564 2939 2646 baennarum
3000 2592 3136 2669 pro
3212 2566 3469 2644 bannis
3534 2565 3987 2646 excutiendis
4050 2565 4168 2646 uel
4233 2594 4404 2647 con-

1233 2721 1631 2826 dempnare
1694 2722 1880 2802 ultra
1935 2722 2259 2803 solidum
2314 2751 2338 2803 1
2395 2724 2454 2803 si
2509 2726 2837 2803 bannum
2900 2721 3113 2803 fuerit
3177 2722 3587 2803 solidorum
3644 2749 3694 2801 v
3757 2722 3875 2802 uel
3932 2722 4134 2803 insta.
4196 2743 4268 2803 et
4341 2725 4403 2803 si

1230 2877 1443 2959 fuerit
1496 2907 1538 2959 a
1595 2880 1852 2961 solidis
1906 2908 1957 2960 v
2020 2908 2231 2986 supra
2283 2908 2515 2986 usque
2581 2881 2658 2961 in
2715 2880 2999 2962 solidos
3052 2908 3104 2962 Χ
3159 2909 3315 2961 non
3383 2882 3617 2985 possit
3681 2882 4073 2985 imponere⁸
4131 2908 4400 2985 penam

1228 3036 1415 3117 ultra
1471 3037 1756 3118 solidos
1809 3058 1882 3118 11.
1940 3039 2033 3118 Et
2088 3039 2148 3118 si
2202 3036 2414 3118 fuerit
2470 3037 2882 3119 solidorum
2938 3065 2989 3118 Χ
3046 3057 3118 3118 et
3173 3066 3215 3117 a
3271 3037 3530 3118 solidis
3582 3064 3634 3118 Χ
3692 3065 3904 3143 supra
3959 3065 4112 3117 non
4164 3038 4401 3142 possit

1233 3195 1614 3299 imponere
1649 3222 1918 3300 penam
1955 3194 2141 3274 ultra
2179 3194 2464 3276 solidos
2499 3222 2577 3276 111
2614 3223 2843 3300 usque
2880 3195 2956 3275 in
2996 3193 3281 3276 solidos
3326 3222 3453 3275 ΧΧ.
3505 3214 3577 3274 et
3631 3222 3673 3274 a
3730 3194 3988 3275 solidis
4033 3221 4139 3275 xx
4188 3221 4400 3298 supra

1228 3379 1459 3456 usque
1523 3353 1599 3431 in
1661 3352 1880 3432 libras
1933 3379 1985 3433 Χ
2043 3351 2328 3433 solidos
2381 3379 2455 3432 v.
2515 3372 2589 3433 et
2651 3382 2692 3432 a
2750 3351 2949 3432 libris
3004 3379 3055 3432 Χ
3121 3380 3332 3456 supra
3403 3354 3638 3456 possit
3694 3353 4075 3456 imponere
4130 3378 4397 3456 penam

1230 3537 1461 3614 usque
1516 3511 1594 3591 in
1650 3508 1935 3591 solidos
1988 3536 2062 3589 Χ.
2124 3530 2197 3591 et
2251 3536 2404 3590 non
2460 3508 2669 3590 ultra.

1223 3848 1627 4054 QJOD
1682 3932 2212 4015 PoTEsTAs
2266 3934 2505 4017 NON
2555 3933 2914 4016 Possrr
2966 3869 3355 4017 FACERE
3411 3935 3667 4017 FIERI
3721 3932 4139 4016 CRIDAM.

1341 4144 1697 4348 &gn-:M
1752 4262 2104 4325 statutum
2162 4263 2271 4324 est
2327 4243 2527 4347 quod
2584 4262 2914 4347 potestas
2970 4242 3416 4324 baennarum
3472 4271 3628 4323 non
3680 4246 3917 4350 possit
3956 4272 4092 4324 nec
4131 4245 4392 4325 debeat

1223 4399 1452 4481 facere
1507 4400 1667 4482 fieri
1720 4399 2040 4505 aliquam
2092 4401 2772 4505 preconizationem
2838 4399 2971 4507 (3)
3027 4399 3165 4503 uelv
3202 4399 3477 4481 cridam
3535 4402 3691 4481 sine
3747 4400 4129 4482 uoluntate
4186 4423 4258 4483 et
4313 4401 4393 4482 li-

1225 4557 1462 4638 centia
1499 4557 1831 4639 conscilii
1869 4556 2340 4639 baennarum.
2400 4576 2474 4637 et
2529 4559 2589 4638 si
2647 4556 3152 4638 contrafecerit
3186 4557 3509 4664 predicta
3563 4560 4067 4663 preconizatio
4106 4561 4199 4641 sit
4237 4559 4392 4639 nul-

1222 4713 1364 4795 lius
1425 4714 1699 4798 ualoris
1762 4715 1882 4797 uel
1945 4715 2334 4797 momenti.
2393 4715 2536 4797 nisi
2600 4714 2751 4796 hoc.
2802 4713 3067 4820 faceret
3122 4716 3513 4797 occasione
3578 4715 3884 4798 alicuius
3951 4718 4104 4799 rixe
4170 4718 4392 4799 male-

1221 4871 1370 4954 ficii
1422 4874 1544 4955 uel
1602 4874 1954 4956 stremite.
2014 4892 2086 4954 et
2139 4874 2281 4954 nisi
2334 4873 2543 4956 fieret
2598 4874 2691 4954 ad
2746 4873 3172 4954 instantiam
3209 4872 3511 4956 alicuius
3564 4901 3878 4980 persone
3920 4875 4253 4981 specialis
4298 4876 4389 4955 de

1217 5034 1465 5140 aliquo
1503 5031 1697 5114 facto
1734 5033 1936 5139 quod
1973 5051 2309 5137 tangeret
2344 5033 2581 5136 ipsam
2621 5050 2693 5113 et
2729 5031 2870 5113 nisi
2916 5030 3123 5112 fieret
3170 5059 3383 5112 causa
3434 5031 3951 5136 publicationis
3986 5032 4105 5112 uel
4147 5032 4391 5113 obser-

1074 5274 1081 5281 .
1219 5193 1539 5274 uationis
1593 5191 1897 5273 alicuius
1951 5188 2242 5295 capituli
2298 5188 2418 5271 uel
2474 5188 2968 5269 ordinamenti
3024 5189 3495 5269 baennarum.
