5117 6834
710 1269 857 1352 152

708 3125 849 3208 153

704 5127 857 5208 154

1103 631 1224 690 aut
1284 639 1592 691 manum
1648 611 1950 691 arbitrio
2003 612 2416 716 potestatis.
2475 611 2886 692 secundum
2924 610 3357 718 qualitatem
3412 612 3580 692 facti
3640 631 3715 692 et
3769 612 4293 693 conditionem

1100 796 1584 875 personarum
1654 763 2161 850 interficientis
2242 788 2316 849 et
2398 771 2782 850 interlecti.
2842 789 2915 850 et
2968 772 3111 851 nisi
3169 790 3361 850 esset
3435 771 3900 874 interiectus,
3943 768 4307 850 oriundus

1100 921 1577 1009 baennarum.
1636 926 1756 1008 uel
1813 928 2011 1009 filius
2068 930 2226 1008 eius
2280 930 2403 1034 qui
2463 947 2658 1009 esset
2713 949 2931 1009 natus
2985 929 3078 1010 de
3136 928 3330 1009 dicta
3381 947 3600 1012 terra.

1098 1155 1323 1322 DE
1377 1238 1955 1323 EXTRANEO
2012 1239 2204 1339 QUI
2256 1237 2928 1325 EXTRAXERIT
2981 1238 3482 1322 GLADIUM.

1209 1454 1398 1660 ἒξ
1416 1590 1575 1644 TEM
1628 1564 1869 1644 homo
1926 1590 2057 1643 seu
2109 1590 2449 1668 persona.
2506 1565 2633 1668 qui
2689 1591 2847 1644 non
2886 1565 2980 1644 sit
3022 1564 3391 1645 habitator
3454 1566 3935 1645 baennarum.
3992 1591 4301 1669 percus-

1100 1724 1276 1803 serit
1330 1722 1656 1828 aliquem
1713 1721 2231 1803 habitatorem.
2315 1722 2438 1802 uel
2511 1720 2971 1803 habitantem
3025 1723 3104 1802 in
3160 1722 3468 1803 baennis
3547 1750 3809 1828 pugno
3864 1721 4111 1828 palma
4178 1722 4302 1804 uel

1099 1880 1319 1961 calce.
1381 1908 1511 1961 seu
1566 1882 1926 1986 acceperit
1978 1908 2106 1986 per
2163 1879 2493 1987 capillos.
2549 1880 2672 1961 uel
2730 1909 2904 1962 eum
2960 1882 3149 1962 irato
3220 1881 3478 1962 animo
3559 1882 3971 1962 bussauerit
4025 1879 4147 1961 uel
4203 1879 4303 1961 la-

1099 2039 1453 2120 cerauerit
1491 2039 2044 2128 eicauezanam
2085 2038 2328 2120 soluat
2364 2067 2500 2146 pro
2535 2066 2727 2155 pena
2762 2039 2984 2120 libras
3019 2067 3069 2119 x
3105 2058 3459 2120 astenses.
3503 2056 3577 2118 et
3615 2040 3676 2119 si
3714 2038 3991 2119 dictam
4027 2065 4303 2144 penam

1101 2197 1390 2278 soluere
1447 2225 1603 2277 non
1669 2217 1926 2303 posset
1979 2197 2100 2279 uel
2155 2198 2415 2279 nollet.
2491 2199 2781 2279 amittat
2844 2198 3115 2304 pedem
3168 2196 3291 2278 uel
3356 2223 3665 2283 manum
3720 2196 3842 2276 uel
3896 2195 4302 2277 auriculam

1096 2355 1398 2436 arbitrio
1452 2358 1952 2462 percutientis.
1994 2357 2054 2437 si
2092 2376 2425 2462 potestas
2463 2385 2638 2438 eum
2674 2357 2961 2438 ‘habere
3015 2356 3314 2464 poterit.
3354 2356 3448 2437 Et
3485 2356 3688 2437 idem
3737 2355 4200 2462 intelligatur
4238 2355 4301 2435 si

1099 2542 1408 2596 manum
1447 2515 1524 2595 in
1563 2542 1737 2595 eum
1775 2480 1964 2597 irato
2020 2516 2278 2597 animo
2333 2515 2573 2597 modo
2630 2515 2881 2622 aliquo
2936 2516 3291 2597 iniecerit.
3333 2534 3407 2596 et
3444 2516 3507 2596 si
3545 2542 3623 2596 se
3680 2514 4304 2597 concordauerint
4387 2623 4398 2629 ἱ

1096 2675 1512 2755 remittatur
1566 2676 1635 2755 ei
1688 2674 1885 2756 dicta
1938 2702 2151 2781 pena.
2208 2703 2345 2781 pro
2399 2675 2802 2786 medietate
2858 2693 3217 2781 quantum
3273 2675 3367 2756 ad
3420 2702 3695 2781 penam
3756 2675 4299 2781 peccunialem.

1100 3005 1321 3172 DE
1375 3082 1948 3168 EXTRANEO
2007 3081 2734 3166 PERCUTIENTE
2786 3081 3265 3179 ALIQUEM
3316 3081 3453 3163 DE
3506 3079 3973 3164 BAENNIS.

1202 3300 1393 3506 ff
1418 3437 1575 3492 TEM
1629 3413 1881 3493 omnis
1934 3439 2251 3518 persona
2305 3439 2449 3519 que
2505 3440 2663 3493 non
2719 3414 2813 3493 sit
2868 3411 3260 3493 habitatrix
3344 3414 3821 3494 baennarum.
3893 3414 3954 3493 si
4008 3440 4305 3519 percus-

1098 3571 1272 3651 serit
1326 3561 1678 3675 aliquem
1705 3569 2201 3651 habitatorem
2257 3572 2711 3653 baennarum
2774 3570 2899 3651 uel
2951 3569 3175 3651 aliam
3228 3538 3627 3677 personam
3680 3570 3783 3651 ibi
3838 3571 4301 3652 habitantem

1095 3727 1374 3810 cutello
1430 3748 1635 3835 spata
1688 3729 1811 3810 uel
1865 3728 2118 3836 aliquo
2174 3729 2325 3810 alio
2380 3729 2638 3849 gladio
2692 3729 2891 3811 unde
2948 3731 3254 3835 sanguis
3308 3757 3464 3834 non
3522 3749 3736 3810 exeat
3772 3730 3900 3810 det
3935 3757 4072 3836 pro
4108 3757 4302 3835 pena

1096 3887 1317 3985 libras
1371 3917 1421 3967 x
1475 3906 1809 3969 astenses
1847 3907 1921 3969 et
1960 3890 2021 3969 si
2059 3889 2335 3970 dictam
2372 3902 2645 3994 penam
2683 3888 2974 3969 soluere
3030 3917 3188 3970 non
3243 3907 3501 3995 posset
3554 3888 3675 3969 uel
3729 3888 3968 3970 nollet
4005 3889 4301 3970 amittat

1091 4047 1369 4154 pedem
1420 4047 1545 4128 uel
1600 4074 1934 4160 manum.
1995 4065 2070 4128 et
2125 4049 2187 4128 si
2243 4049 2549 4154 sanguis
2607 4049 2919 4130 exiuerit
2974 4047 3218 4129 soluat
3272 4075 3409 4154 pro
3463 4075 3655 4153 pena
3710 4046 3932 4128 libras
3986 4073 4164 4128 xxv.
4224 4064 4303 4128 et

1096 4207 1158 4286 si
1216 4206 1507 4286 soluere
1563 4233 1720 4287 non
1776 4225 2034 4312 posset
2088 4207 2381 4287 amittat
2433 4207 2706 4313 pedem
2761 4205 2882 4287 uel
2938 4233 3272 4287 manum.
3314 4225 3389 4286 et
3427 4208 3487 4287 si
3544 4206 3811 4312 aliquis
3847 4206 4168 4312 quinon
4208 4206 4305 4286 sit

1091 4332 1462 4444 habitator
1516 4363 1971 4445 baennarum
2026 4364 2523 4448 habitatorem
2578 4365 3032 4446 baennarum
3069 4362 3516 4460 interfecerit
3557 4365 3940 4445 moriatur.
3982 4383 4057 4445 et
4094 4364 4302 4445 idem

1092 4520 1549 4626 intelligatur
1605 4524 1665 4602 si
1720 4525 2160 4628 percusserit
2233 4491 2514 4605 baculo·
2573 4523 2696 4604 uel
2768 4523 3036 4630 lapide.
3109 4552 3238 4605 seu
3272 4601 3278 4608 ,
3313 4524 3520 4630 quod
3590 4523 3835 4605 soluat
3906 4551 4045 4630 pro
4108 4539 4302 4630 pena

1095 4677 1319 4760 libras
1373 4707 1447 4759 x.

1094 4996 1318 5163 DE
1373 5073 1822 5159 FERUTIS.
1878 5105 2015 5213 (5)

1206 5422 1272 5479 5
1302 5362 1365 5485 ἓξ
1411 5448 1571 5504 TEM
1642 5441 2002 5506 statutum
2069 5442 2182 5506 est
2254 5425 2457 5531 quod
2533 5426 2595 5506 si
2663 5425 2906 5531 aliqua
2967 5451 3286 5531 persona
3339 5453 3382 5505 a
3436 5450 3543 5505 xv
3597 5423 3813 5505 annis
3894 5422 4080 5503 infra
4134 5449 4306 5529 Pes·

1093 5582 1405 5663 cusserit
1469 5581 1794 5689 aliquam
1857 5582 2080 5664 aliam
2160 5611 2560 5689 personam
2645 5584 2863 5666 etatis
2915 5612 3016 5664 xv
3098 5610 3469 5666 annorum
3545 5601 3619 5663 et
3687 5581 3901 5663 ultra.
3969 5580 4298 5687 aliquam
