5117 6834
346 1438 489 1517 357

356 2678 500 2778 358

2080 388 2583 492 LXXXV

736 675 829 754 Et
886 673 1203 752 debeant
1260 672 1493 751 facere
1552 699 1767 776 super
1804 671 2109 751 comuni
2165 673 2264 751 ita
2319 672 2520 777 quod
2581 673 2674 751 sit
2730 672 3170 775 contiguum
3230 672 3387 752 eius
3441 673 3922 776 possessioni.

743 833 836 911 Et
893 830 1093 935 quod
1150 848 1481 934 potestas
1536 848 1869 909 teneatur
1925 835 2157 909 lacere
2212 830 2632 909 aterminari
2670 829 2944 909 dictam
2982 831 3185 908 uiam
3222 830 3299 908 in
3337 855 3676 909 mensem
3715 848 3924 935 post-

739 1016 963 1093 quam
1020 990 1364 1067 iurauerit
1420 987 1783 1090 regimen.

740 1345 963 1511 DE
1017 1423 1196 1504 [HA
1250 1386 1506 1502 ΜΑΠ
1560 1410 2200 1516 SCARON1<1)
2263 1419 2806 1503 FACIENDA.

893 1675 944 1703 .,
977 1675 1052 1712 f„

882 1746 946 1826 ςὲ
976 1751 1214 1819 ,ΤΕΜ
1271 1743 1628 1805 statutum
1687 1745 1797 1804 est
1854 1724 2056 1829 quod
2112 1744 2444 1830 potestas
2497 1743 2832 1805 teneatur
2887 1723 3120 1804 facere
3202 1717 3360 1804 fieri
3445 1750 3671 1803 unam
3727 1725 3927 1802 uiam

745 1881 836 1960 ad
896 1881 1176 1961 malum
1237 1910 1665 1962 scarronum
1724 1910 1865 1987 que
1926 1883 2044 1961 uia
2081 1882 2208 1961 fiat
2246 1910 2373 1987 per
2411 1882 2799 1961 rilauetum
2856 1881 2991 1988 (2)
3047 1900 3119 1961 et
3174 1908 3302 1987 per
3356 1882 3722 1961 ronchum
3778 1884 3931 1960 bar-

746 2039 873 2119 leti
931 2059 1005 2119 et
1061 2039 1296 2120 facere
1353 2043 1813 2120 manuteneri
1871 2059 2193 2145 aptatam
2234 2039 2507 2120 dictam
2549 2043 2771 2121 uiam.
2812 2042 2904 2120 Et
2940 2041 3085 2121 hoc
3141 2041 3375 2120 facere
3411 2039 3568 2121 fieri
3609 2059 3682 2120 et
3729 2066 3931 2119 com-

745 2198 932 2302 pleri*
981 2217 1316 2277 teneatur
1372 2224 1602 2303 usque
1659 2198 1750 2277 ad
1810 2197 2158 2278 kalendas
2214 2198 2466 2278 madii.

744 2606 1149 2814 QJOD
1204 2684 1738 2766 POTESTAS
1808 2682 2010 2764 UEL
2071 2682 2293 2763 EIUS
2364 2680 2738 2764 LOCUM
2809 2680 3216 2762 TENENS
3279 2679 3517 2762 NON
3579 2679 3935 2760 POSSIT

1060 2842 1735 2928 RECERCHARE
1786 2842 2021 2923 UIAS
2073 2840 2548 2937 ALIQUAS.

875 3060 1224 3264 &gn-:M
1281 3118 1637 3220 statutum
1696 3159 1806 3219 est
1863 3140 2064 3244 quod
2124 3159 2452 3245 potestas
2507 3140 2626 3220 uel
2685 3142 2842 3221 eius
2898 3140 3148 3222 locum
3187 3161 3451 3222 tenens
3486 3171 3641 3223 non
3699 3146 3934 3249 possit

754 3326 889 3378 nec
946 3298 1210 3378 debeat
1268 3297 1500 3381 facere
1584 3297 1906 3403 aliquam
1963 3301 2539 3398 recercationem
2596 3301 2672 3378 in
2728 3298 2901 3379 uilla
2985 3300 3102 3381 uel
3178 3328 3398 3406 posse
3490 3301 3939 3383 baennarum

753 3459 1146 3537 occasione
1204 3457 1611 3561 aliquarum
1668 3459 1955 3537 uiarum
2012 3458 2448 3537 comunium
2489 3457 2609 3536 uel
2649 3458 3067 3562 aliquorum
3126 3457 3577 3539 fossatorum
3617 3460 3732 3540 uel
3777 3462 3938 3541 bea-

754 3612 1092 3695 leriarum
1141 3616 1581 3694 comunium
1639 3614 1756 3693 uel
1814 3591 2241 3720 specialium
2326 3615 2466 3694 nisi
2550 3618 2750 3719 prius
2832 3614 3079 3696 fecerit
3136 3618 3592 3719 preconizari
3647 3618 3935 3723 publice

756 3801 969 3881 super
1025 3775 1434 3880 campanile
1492 3777 1947 3859 baennarum
2004 3777 2405 3882 capitulum
2466 3782 2620 3859 siue
2678 3777 2987 3882 capitula
3056 3782 3319 3882 uigore
3359 3782 3566 3859 cuius
3605 3780 3723 3859 uel
3763 3809 3942 3885 quo-

616 4034 624 4043 ·
754 3961 919 4013 rum
975 3934 1245 4014 faceret
1302 3934 1576 4015 dictam
1635 3939 2211 4017 recercationem
2270 3940 2344 4016 in
2405 3965 2543 4041 qua
2611 3938 3213 4041 preconizatione
3298 3936 3511 4016 detur
3580 3940 3942 4018 terminus
4063 3951 4069 3958 ’

754 4090 846 4170 ad
906 4092 1153 4169 minus
1208 4118 1311 4171 xv
1369 4091 1679 4171 dierum.

369 4538 512 4618 359
748 4435 1157 4645 QJOD
1194 4518 1726 4600 POTESTAS
1754 4518 2320 4602 TENEATUR
2345 4518 2483 4598 ET
2510 4516 2920 4599 DEBEAT
2956 4516 3348 4600 FACERE
3384 4515 3645 4597 ELIGI
3680 4515 3937 4598 TRES

1065 4679 1263 4761 UEL
1312 4680 1443 4760 IIII
1490 4678 1964 4762 HOMINES
2018 4679 2209 4776 QUI
2260 4676 2748 4760 DEBEANT
2792 4676 3389 4763 RECERCARE
3441 4673 3932 4764 FOSSATA.

906 4962 966 5072 Ῐὲἕ
1293 5006 1648 5067 statutum
1733 5005 1845 5065 est
1928 4986 2131 5090 quod
2214 5004 2546 5090 potestas
2629 5004 2960 5066 teneatur
3016 5006 3088 5066 et
3144 4987 3406 5067 debeat
3465 4990 3522 5066 si
3580 5015 3942 5069 recercare

762 5144 1080 5225 uoluerit
1135 5145 1376 5249 aliqua
1434 5143 1707 5224 fossata
1766 5143 1951 5224 facta
2009 5144 2126 5224 uel
2185 5143 2513 5224 facienda
2572 5146 2647 5224 in
2703 5144 2850 5225 fine
2891 5147 3340 5224 baennarum
3400 5172 3490 5225 ex
3547 5144 3784 5225 forma
3822 5147 3945 5226 ali-

760 5303 967 5381 cuius
1023 5301 1317 5406 capituli
1376 5301 1828 5381 baennarum
1887 5329 2017 5382 seu
2074 5302 2394 5409 aliquam
2450 5323 2733 5406 partem
2791 5302 3239 5382 fossatorum
3296 5303 3794 5407 predictorum
3851 5304 3948 5384 fa-

762 5485 924 5538 cere
983 5457 1160 5562 eligi
1217 5478 1367 5538 tres
1423 5459 1540 5539 uel
1600 5486 1701 5539 1111
1759 5458 2109 5540 homines
2164 5459 2256 5539 de
2314 5458 2676 5539 conscilio
2732 5487 2858 5564 per
2914 5460 3274 5539 electores
3331 5463 3675 5541 comunis
3730 5464 3947 5541 baen-

763 5644 1025 5696 narum
1065 5619 1184 5722 qui
1227 5618 1545 5699 debeant
1583 5645 1948 5699 recercare
2007 5621 2159 5724 ipsa
2199 5618 2494 5699 fossata.
2539 5638 2611 5699 et
2652 5618 3058 5699 secundum
3099 5621 3300 5724 quod
3339 5647 3466 5724 per
3505 5647 3637 5699 eos
3666 5620 3945 5700 electos

874 5852 970 5907 22
