5117 6834
2101 306 2596 412 LXXIIII

782 601 907 679 bet
961 624 1279 704 persone
1343 612 1824 675 manutenere
1881 609 1955 672 et
2009 591 2434 673 deffendere
2519 620 2648 674 sue
2728 618 2952 697 posse
3035 590 3128 675 de
3213 593 3365 671 iure
3421 609 3497 672 et
3553 590 3963 675 secundum

781 755 1101 837 formam
1157 755 1357 835 iuris.
1414 754 1541 860 qui
1598 752 1813 833 electi
1869 752 2137 833 habere
2193 750 2509 831 debeant
2547 778 2684 856 pro
2723 777 2984 831 eorum
3024 748 3289 831 salario
3325 778 3367 830 a
3406 750 3711 830 comuni
3749 748 3966 830 baen-

781 941 1043 994 narum
1098 913 1192 993 de
1248 912 1575 1019 qualibet
1630 911 1997 992 concione
2053 937 2197 1016 que
2253 909 2383 990 fiet
2438 910 2833 991 occasione
2916 908 3266 1014 predicta.
3351 907 3700 989 uidelicet
3755 926 3966 988 nota-

775 1072 929 1152 rius
985 1069 1274 1151 solidos
1330 1097 1376 1149 x
1433 1068 1569 1177 (1)
1607 1086 1682 1149 et
1720 1066 1843 1149 ille
1883 1068 2009 1173 qui
2046 1094 2201 1148 non
2240 1065 2457 1147 fiierit
2492 1067 2828 1147 notarius
2864 1064 3153 1147 solidos
3189 1094 3262 1146 v,
3321 1066 3415 1146 Et
3451 1065 3639 1146 ultra
3677 1066 3962 1146 dictum

781 1227 1126 1310 salarium
1183 1226 1411 1309 nichil
1465 1225 1663 1308 aliud
1720 1245 1968 1331 petere
2023 1226 2314 1331 possint
2367 1223 2488 1304 uel
2546 1228 2843 1330 exigere
2925 1251 3063 1304 nec
3103 1251 3106 1255 ’
3146 1225 3466 1329 recipere
3549 1223 3640 1303 ab
3723 1221 3964 1329 aliqua

781 1413 1098 1493 persona
1155 1387 1551 1467 occasione
1606 1384 1955 1490 predicta.
2014 1366 2147 1464 sub
2204 1410 2390 1488 pena
2446 1382 2866 1464 solidorum
2921 1411 2970 1462 v
3025 1410 3163 1488 pro
3218 1380 3553 1489 quolibet
3609 1401 3683 1463 et
3739 1383 3964 1487 quali-

783 1545 908 1626 bet
962 1546 1150 1626 uice.
1210 1546 1302 1625 Et
1356 1544 1714 1624 dominus
1767 1562 2098 1647 potestas
2152 1560 2488 1624 teneatur
2544 1559 2617 1622 et
2671 1540 2936 1622 debeat
3017 1541 3262 1622 dictos
3335 1540 3618 1622 electos
3669 1539 3966 1646 conpel-

782 1705 931 1785 lere
987 1703 1077 1785 ad
1136 1704 1549 1809 predictum
1634 1702 1968 1783 officium
2053 1701 2573 1782 exercendum.
2639 1702 2733 1781 Et
2789 1700 2989 1806 quod
3048 1700 3268 1781 iudex
3323 1717 3659 1780 teneatur
3715 1718 3789 1780 et
3842 1699 3965 1779 de-

788 1865 955 1943 beat
1009 1860 1396 1943 absoluere
1481 1880 1555 1942 et
1637 1859 2187 1965 condempnare
2270 1886 2538 1940 omnes
2619 1885 2975 1964 personas
3030 1878 3103 1939 et
3157 1856 3391 1939 facere
3467 1883 3737 1938 omnes
3790 1884 3964 1937 con-

780 2021 1356 2125 dempnationes
1396 2039 1470 2100 et
1506 2017 2020 2099 absolutiones
2055 2018 2518 2124 presentibus
2555 2017 2874 2098 domino
2912 2018 3262 2123 potestati
3304 2035 3378 2097 et
3415 2015 3632 2097 dictis
3668 2016 3965 2097 duobus
4026 1986 4033 1993 ⁸

781 2177 1239 2260 horninibus,
1296 2179 1506 2259 aliter
1560 2178 1886 2284 predicte
1942 2176 2663 2281 condempnationes
2715 2203 2853 2281 pro
2908 2203 3062 2256 non
3122 2173 3308 2255 facte
3364 2174 3795 2255 habeantur.
