5117 6834
749 2854 906 2954 276

766 4870 915 4949 277

1132 589 1326 635 ι
1360 577 1514 647 ec
1588 560 1807 644 sunt
1882 533 2282 677 capitula
2355 559 2447 641 et
2521 534 3182 674 ordinamenta
3252 531 3537 676 facta-⁴*
3585 556 4027 671 tempore
4056 565 4088 676 j
4136 531 4305 635 (10ἱ

1516 716 1645 849 ini
1720 709 2169 818 nicholini
2248 710 2366 815 de
2440 734 2704 818 santa
2778 710 3205 817 Victoria
3291 709 3800 849 “potestatis
3856 738 3871 742 '‘
3896 707 4308 812 baenna-
4415 796 4419 800 .

1125 949 1346 1016 rum
1419 946 1586 1049 per
1650 909 2107 1047 sapientes
2183 904 2302 1009 ad
2374 905 2564 1009 hoc
2638 901 2993 1010 electos
3069 903 3413 1007 scilicet
3465 940 3628 1041 per
3675 881 4298 1041 gulliermum

1079 1123 1520 1243 spatam.
1603 1101 1983 1204 minum
2055 1099 2469 1241 nigrum.
2550 1096 3050 1200 henricum
3125 1092 3681 1201 bealecium.
3752 1096 4320 1233 Georgium

1010 1274 1020 1282 ⁹
1121 1292 1665 1434 giraudum.
1760 1292 2295 1396 Iohannem
2388 1310 3025 1410 manesetum.
3126 1287 3664 1392 Iohannem
3754 1285 4297 1393 bealetium.

1130 1487 1579 1592 obertum
1655 1484 1774 1590 de
1847 1482 2115 1589 colia.
2198 1507 2577 1621 petrum
2650 1480 3226 1586 barberium.
3308 1506 3400 1585 et
3472 1479 4010 1585 Iohannem
4087 1480 4300 1584 bru-

1131 1682 1390 1784 cium
1468 1676 2122 1817 capitulatores
2197 1674 2417 1779 dicti
2491 1676 2964 1782 comunis.
3057 1698 3147 1778 et
3230 1671 3795 1777 confirmata
3888 1710 4051 1811 per
4139 1671 4314 1776 do-

1135 1874 1515 1977 minum
1594 1868 2129 1974 Oddonem
2216 1866 2333 1971 de
2415 1868 2790 2005 Riparia
2880 1867 3344 1970 vicarium
3430 1865 3921 1970 reuerendi
4020 1868 4303 2005 patris

1137 2065 1508 2208 domini
1567 2061 2070 2210 ]Quidonis
2144 2059 2309 2212 dei
2367 2062 2659 2198 gratia
2769 2029 3214 2200 Episcopi
3288 2060 3710 2218 „astensis
3794 2058 4013 2198 suh
4057 2094 4311 2167 anno

1138 2256 1511 2361 domini
1584 2252 2101 2368 millesimo
2177 2267 2512 2357 cccxv1
2586 2250 3065 2359 indicione
3136 2255 3559 2360 xmus
4276 2239 4283 2246 ’

1143 2789 1368 2956 DE
1418 2864 1909 2953 TERMINO
1954 2861 2334 2948 DANDO
2385 2859 2498 2944 IN
2559 2855 3572 2943 CONDEMPNATIONE.

1290 3136 1351 3268 Ξ·
1680 3202 2035 3266 statutum
2092 3203 2204 3264 est
2258 3184 2462 3290 quod
2519 3185 2731 3264 detur
2785 3186 3146 3265 terminus
3201 3186 3274 3265 in
3333 3185 4012 3308 condempnatione
4069 3167 4162 3267 de
4201 3187 4328 3267 de-

1150 3344 1322 3425 bitis
1377 3343 1469 3424 de
1528 3342 1892 3448 solidis-x
1951 3363 2024 3423 et
2079 3342 2262 3422 infra
2317 3369 2444 3448 per
2498 3361 2948 3447 potestatem
3003 3370 3132 3424 vm
3188 3343 3475 3424 dierum
3533 3363 3607 3423 et
3661 3372 3816 3426 non
3881 3344 4091 3425 ultra.
4154 3366 4226 3426 et
4281 3375 4323 3425 a

1153 3502 1411 3584 solidis
1463 3532 1512 3582 x
1569 3530 1782 3607 supra
1835 3527 1938 3582 xv
1993 3502 2281 3583 dierum
2337 3521 2410 3582 et
2467 3528 2623 3582 non
2678 3499 2889 3581 ultra.
2945 3521 3624 3608 quantumcumque
3689 3501 3905 3583 fuerit
3958 3506 4327 3609 quantitas

1154 3661 1405 3742 debiti.
1463 3661 1556 3740 Et
1609 3643 1937 3765 persona·
1978 3688 2122 3765 que
2179 3688 2334 3740 non
2393 3659 2700 3740 soluerit
2736 3660 2827 3739 ad
2867 3661 3269 3744 terminum
3325 3660 4024 3767 condempnationis
4061 3661 4154 3743 de
4213 3690 4328 3743 so·

1153 3818 1322 3899 lidis
1376 3848 1425 3898 x
1481 3838 1554 3898 et
1609 3817 1793 3899 infra
1849 3817 2090 3899 soluat
2173 3846 2309 3924 pro
2391 3846 2582 3924 pena
2666 3818 2953 3899 solidos
3033 3846 3107 3899 11.
3166 3838 3239 3898 et
3295 3848 3337 3898 a
3392 3818 3652 3900 solidis
3706 3848 3755 3898 x
3813 3848 4025 3925 supra
4084 3821 4328 3901 soluat

1154 3976 1440 4058 solidos
1494 4005 1593 4058 m.
1653 3978 1746 4056 Et
1799 3976 2004 4082 quod
2058 4004 2214 4056 non
2270 3978 2509 4082 possit
2562 3976 2723 4057 fieri
2781 3976 2873 4056 de
2911 4003 3067 4056 uno
3105 3957 3378 4057 ‘debito
3436 3979 3576 4057 nisi
3630 4005 3777 4058 una
3833 3977 4332 4085 condempna-

1154 4137 1288 4215 tio.
1348 4155 1420 4214 et
1473 4136 1677 4240 quod
1753 4135 2343 4240 condempnatus
2441 4105 3150 4243 teneatur-*soluere
3233 4136 4016 4240 condempnationem.
4101 4168 4156 4209 et
4191 4156 4332 4226 quod

1157 4314 1310 4367 detur
1345 4311 1602 4365 terminus
1639 4311 1694 4364 in
1732 4310 1962 4382 qualibet
1998 4311 2478 4380 condempnatione
2514 4328 2617 4381 que
2654 4327 2766 4365 non
2802 4310 2938 4365 facta
2986 4311 3054 4366 sit
3090 4311 3259 4382 pretio
3304 4311 3521 4366 alicuius
3556 4313 3631 4366 rei
3677 4329 3778 4383 que
3822 4313 3891 4367 sit
3934 4313 4001 4367 de
4046 4313 4229 4368 solidis
4264 4330 4333 4367 tx

1158 4469 1314 4522 supra
1352 4468 1443 4521 per
1478 4467 1646 4504 unum
1681 4467 1922 4505 mensem
1957 4453 2056 4521 (2).

1152 4786 1559 4996 QJOD
1619 4863 2139 4950 CAPITULA
2201 4859 2764 4945 LEGANTUR
2818 4859 2953 4941 ET
3006 4855 3895 4939 UULGALICENTUR.

1294 5168 1355 5269 5
1388 5158 1448 5272 ,κζ
1485 5193 1642 5247 ΤΕΜ
1696 5185 2052 5247 statutum
2128 5185 2239 5248 est
2277 5167 2480 5271 quod
2518 5184 2853 5271 potestas
2906 5185 3240 5247 teneatur
3276 5164 3510 5247 facere
3568 5167 3719 5271 legi
3776 5187 3849 5248 et
3904 5167 4338 5273 uulgalizari

1167 5327 1422 5407 omnia
1478 5325 1792 5431 capitula
1847 5326 2111 5432 scripta
2165 5326 2242 5405 in
2295 5324 2484 5405 libro
2541 5324 3031 5430 capitulorum
3087 5324 3540 5405 baennarum
3579 5326 3788 5405 omni
3826 5353 4027 5405 anno
4064 5326 4140 5404 in
4179 5325 4338 5405 die-

1170 5487 1305 5564 bus
1359 5482 1642 5565 festiuis
1695 5510 1823 5589 per
1877 5484 2071 5565 duos
2124 5509 2422 5564 menses
2476 5471 2876 5588 postquam
2933 5484 3276 5563 iurauerit
3313 5466 3655 5588 regimen
3692 5481 4033 5562 faciendo
4080 5482 4338 5563 cridari
