5117 6834
756 731 903 830 326

756 2588 903 2668 327

760 3720 905 3874 328
1007 3713 1017 3723 ·

1149 637 1551 842 QOD
1607 720 1925 800 RIANA
1984 719 2563 805 REMANEAT
2621 719 3153 800 EXPEDITA.

1272 938 1624 1140 ffi‘rffl
1690 1059 2050 1120 statutum
2133 1058 2245 1120 est
2326 1038 2528 1144 quod
2588 1056 2918 1143 potestas
2971 1055 3304 1117 teneatur
3342 1056 3593 1117 tenere
3633 1038 3866 1117 tacere
3906 1037 4326 1142 expeditam

1147 1216 1219 1278 et
1275 1216 1521 1302 aptam
1579 1198 1862 1295 rianam
1919 1197 2018 1276 ita
2075 1196 2277 1300 quod
2336 1224 2521 1300 aqua
2595 1194 2900 1275 ducatur
2953 1220 3081 1299 per
3139 1195 3380 1298 ipsam
3439 1167 3644 1273 iuxta
3698 1194 4015 1274 domum
4071 1196 4328 1295 Jacobi

1149 1353 1403 1459 galles.
1454 1355 1657 1433 berte
1731 1353 2013 1434 Rubee.
2074 1374 2148 1433 et
2204 1351 2589 1434 michaelis
2645 1354 2840 1457 nigri
2897 1354 2972 1431 in
3030 1353 3418 1456 sumaripa.
3476 1353 3570 1431 Et
3626 1353 3750 1456 qui
3821 1352 4330 1432 contrafecerit

1147 1511 1389 1593 soluat
1445 1538 1583 1615 pro
1638 1538 1827 1616 pena
1885 1510 2172 1591 solidos
2226 1539 2271 1587 v
2331 1512 2639 1614 quocies
2696 1508 2967 1589 fecerit.
3065 1511 3156 1588 Et
3212 1509 3414 1613 quod
3472 1508 3796 1613 quelibet
3853 1536 4170 1613 persona
4227 1528 4330 1589 te-

1145 1688 1403 1749 neatur
1461 1688 1939 1749 manutenere
1998 1677 2361 1748 scuratam
2419 1668 2694 1747 dictam
2775 1667 3055 1755 rianam
3140 1670 3339 1747 iuxta
3423 1668 3696 1771 dictam
3769 1669 4325 1772 possessionem

1147 1854 1359 1907 suam
1418 1825 1551 1906 sub
1610 1826 1873 1906 eadem
1928 1852 2117 1930 pena
2174 1828 2270 1906 ita
2329 1826 2531 1929 quod
2590 1853 2776 1930 aqua
2831 1796 3068 1929 possit
3105 1823 3447 1905 discolari
3487 1825 3826 1930 expedite
3881 1853 4010 1930 per
4067 1826 4330 1930 ipsam„

1145 1982 1238 2062 Et
1276 1983 1478 2087 quod
1520 2000 1852 2086 potestas
1889 2002 2226 2063 teneatur
2265 1984 2590 2088 predicta
2631 1984 2992 2087 inquirere
3031 1985 3242 2064 omni
3283 2010 3564 2063 mense.
3608 2003 3680 2063 et
3718 1983 4328 2063 contrafacientes

1142 2140 1427 2245 punire.

1147 2484 1551 2691 QUOD
1606 2566 1844 2647 NON
1899 2565 2139 2646 FIAT
2194 2563 2799 2647 ARTIFICIUM
2855 2562 3428 2647 COPERTUM
3481 2563 3592 2644 IN
3645 2562 4071 2643 PLATEA.

1277 2783 1624 2986 Qum
1678 2896 2038 2957 statutum
2114 2895 2226 2956 est
2302 2878 2504 2981 quod
2565 2903 2794 2956 nemo
2850 2879 3089 2981 possit
3144 2877 3378 2958 facere
3416 2876 3809 2957 artificium
3865 2876 4168 2982 aliquod
4208 2905 4328 2957 co·

1144 3052 1439 3140 pertum
1495 3036 1572 3113 in
1628 3033 1866 3139 platea
1924 3037 2290 3115 comunis.
2322 3034 2672 3114 uidelicet
2727 3034 2826 3114 ibi
2885 3034 3008 3114 ubi
3065 3057 3270 3115 erant
3308 3035 3445 3116 alie
3487 3037 3810 3116 beccarie
3850 3035 3975 3141 (4)
4013 3054 4324 3116 ueteres,

1147 3191 1241 3302 Et
1296 3195 1422 3296 qui
1479 3162 2011 3272 contrafecerit·
2047 3191 2290 3272 soluat
2346 3220 2480 3296 pro
2520 3219 2706 3296 pena
2746 3193 3053 3296 quocies
3092 3192 3341 3273 fecerit
3381 3192 3670 3273 solidos
3707 3221 3782 3273 111
3822 3212 3895 3274 et
3934 3194 4326 3274 artificium

1148 3348 1586 3442 destruatur.

1152 3696 1372 3862 DE
1428 3773 1667 3858 NON
1719 3774 2361 3879 PROICIENDO
2416 3772 3202 3894 TURPITUDINEM
3236 3773 3343 3852 IN
3380 3770 3863 3854 PLATHEA
3918 3770 4054 3852 ET
4110 3771 4320 3852 UIIS.

1277 3991 1625 4196 ΞΕΤΕΜ
1680 4107 2038 4169 statutum
2087 4109 2199 4170 est
2256 4090 2458 4195 quod
2518 4091 2579 4170 si
2618 4089 2857 4195 aliqua
2914 4110 3230 4196 persona
3286 4091 3647 4195 proiceret
3733 4091 4051 4195 aliquam
4111 4092 4333 4196 turpi-

1152 4234 1497 4326 tudinem
1562 4244 1806 4327 valnei
1864 4248 2000 4354 (5)
2038 4246 2156 4328 uel
2216 4249 2599 4328 uinariam.
2640 4247 2763 4335 uel
2800 4247 3039 4353 aliqua
3095 4248 3234 4328 alia
3289 4250 3524 4353 turpia
3560 4250 3636 4328 in
3673 4244 3962 4353 plathea
4017 4249 4138 4330 uel
4196 4251 4336 4329 uiis

1148 4402 1465 4508 publicis
1518 4402 1994 4484 baennarum.
2056 4404 2300 4485 soluat
2356 4433 2490 4510 pro
2548 4431 2735 4509 pena
2793 4407 3097 4510 quocies
3156 4404 3407 4485 fecerit
3464 4406 3790 4485 solidum
3832 4435 3876 4486 1.
3938 4408 4077 4486 nisi
4137 4426 4330 4487 esset

1149 4586 1338 4663 aqua
1394 4584 1608 4640 causa
1663 4559 2009 4641 abluendi
2065 4561 2336 4641 bestias
2392 4588 2608 4642 causa
2664 4562 2954 4642 macelli
3011 4562 3451 4643 interfectas.
3494 4565 3649 4643 siue
3688 4564 3961 4668 pilandi
4010 4563 4332 4669 porchos

1149 4717 1273 4798 uel
1326 4736 1581 4821 troyas
1633 4718 1756 4798 uel
1809 4720 1951 4799 nisi
2009 4739 2255 4801 essent
2313 4719 2638 4802 lauature
2678 4741 3036 4826 uegetum
3074 4721 3194 4802 uel
3231 4722 3552 4802 tinarum
3591 4722 3682 4802 de
3722 4722 3987 4827 quibus
4042 4722 4328 4804 nullum

1148 4875 1478 4957 bannum
1538 4858 1966 4958 substineat.
2025 4878 2119 4958 Et
2174 4877 2499 4983 quelibet
2554 4904 2869 4984 persona
2953 4881 3190 4985 possit
3245 4880 3417 4961 inde
3499 4908 3836 4960 accusare
3895 4901 3968 4961 et
4025 4884 4090 4961 ei
4149 4884 4331 4962 iura-

1156 5053 1420 5114 mento
1478 5035 1836 5115 credatur.
