5117 6834
429 1554 520 1633 59

426 3989 528 4067 60

2261 361 2465 463 XII

794 637 953 718 dies
1006 636 1278 717 datam.
1337 654 1410 715 et
1466 637 1526 716 si
1580 655 1755 716 tunc
1817 663 1975 716 non
2028 637 2463 742 aquitauerit
2544 635 2807 716 debeat
2862 635 3103 716 dictus
3181 662 3349 715 reus
3430 635 3960 740 condempnari

794 797 869 875 in
925 822 1001 874 re
1055 795 1303 899 petita.
1361 793 1454 873 Et
1508 794 1652 873 hoc
1709 792 2159 897 intelligatur
2216 795 2276 873 si
2332 812 2536 873 actor
2590 794 3023 897 aquitauerit
3086 794 3335 874 datam
3414 811 3752 897 presente
3807 820 3959 873 reo.

793 952 999 1032 aliter
1054 978 1233 1032 non.
1289 952 1383 1032 Et
1440 952 1500 1031 si
1554 970 1795 1056 partes
1832 978 1910 1031 se
1948 950 2559 1031 concordauerint
2599 948 2781 1031 infra
2816 977 2945 1031 vm
3000 951 3160 1032 dies
3196 952 3613 1031 restituatur
3652 951 3758 1030 eis
3794 950 3962 1030 data

793 1137 920 1215 per
976 1112 1168 1215 ipsas
1223 1109 1486 1190 soluta.
1616 1152 1624 1160 ·

753 1465 1000 1642 DE
1054 1545 1369 1627 REBUS
1423 1546 1800 1626 DANDIS
1855 1547 1966 1628 IN
2018 1545 2523 1629 SOLUTUM
2576 1547 3351 1630 CREDITORIBUS.

985 1762 1343 1964 Qum
1398 1865 1751 1925 statutum
1809 1864 1919 1925 est
1973 1843 2176 1950 quod
2233 1844 2551 1925 creditor
2604 1863 2936 1924 teneatur
2992 1862 3064 1922 et
3119 1843 3383 1924 debeat
3438 1870 3692 1949 capere
3731 1848 3807 1924 ln
3846 1871 3961 1924 so·

793 2002 1030 2082 lutum
1087 2029 1355 2083 omnes
1408 2030 1525 2082 res
1578 2001 1898 2082 mobiles
1952 2001 2308 2082 debitoris
2362 2021 2761 2107 antequam
2814 2002 3243 2105 perueniant
3324 2001 3415 2081 ad
3509 2000 3955 2084 immobiles.

794 2180 867 2240 et
921 2188 1091 2240 cum
1145 2187 1262 2240 res
1316 2159 1635 2241 mobiles
1691 2159 2044 2240 debitoris
2098 2158 2449 2240 deficiunt
2506 2186 2636 2239 seu
2693 2158 3112 2239 defecerint.
3204 2178 3380 2238 tunc
3434 2160 3670 2263 possit
3726 2158 3957 2239 facere

795 2318 1033 2398 liurari
1090 2317 1225 2424 (1)
1316 2336 1388 2396 et
1444 2317 1614 2397 dare
1671 2318 1746 2396 in
1803 2316 2132 2396 solutum
2188 2315 2531 2396 creditori
2594 2316 2686 2395 de
2740 2314 2957 2395 rebus
3011 2314 3522 2395 immobilibus
3577 2316 3954 2398 debitoris.

794 2495 866 2555 et
922 2502 1075 2554 non
1131 2476 1366 2579 possit
1422 2476 1646 2554 etiam
1701 2474 2019 2555 creditor
2073 2473 2306 2554 facere
2362 2475 2498 2553 sibi
2557 2472 2798 2553 liurari
2838 2492 2912 2553 et
2950 2472 3127 2553 dari.
3159 2475 3235 2553 in
3274 2473 3603 2554 solutum
3642 2473 3956 2555 domum

793 2632 1149 2712 debitoris
1184 2631 1365 2712 dum
1406 2630 1697 2711 debitor
1732 2631 2065 2713 habuerit
2102 2630 2279 2712 alias
2314 2658 2431 2711 res
2469 2629 2791 2711 mobiles
2836 2629 2956 2711 uel
3026 2630 3451 2711 immobiles
3505 2630 3596 2711 ad
3655 2630 3957 2711 soluen-

792 2791 996 2869 dum.
1029 2808 1102 2868 et
1128 2790 1365 2895 possit
1392 2789 1632 2869 dictus
1659 2788 1948 2869 debitor
1976 2815 2396 2894 recuperare
2435 2815 2554 2868 res
2592 2787 3019 2868 immobiles
3063 2787 3357 2869 liuratas
3392 2789 3734 2869 creditori
3773 2787 3954 2869 infra

792 2974 1069 3027 annum
1127 2966 1200 3027 et
1254 2947 1478 3027 diem.
1536 2966 1706 3051 post
1786 2945 2060 3026 dictam
2141 2944 2640 3025 liurationem.
2725 2946 2786 3024 si
2867 2947 3263 3026 restituerit
3344 2946 3713 3026 creditori.
3772 2944 3954 3026 infra

791 3103 1072 3184 dictum
1127 3123 1422 3209 tempus
1476 3105 1960 3209 quantitatem
1989 3102 2216 3183 debiti
2254 3130 2390 3208 pro
2451 3131 2594 3208 qua
2649 3103 2843 3183 dicte
2898 3129 3015 3183 res
3070 3102 3326 3183 liurate
3384 3103 3650 3184 fuerint
3706 3123 3780 3184 et
3833 3104 3958 3184 de-

792 3262 1039 3342 narios
1093 3289 1168 3341 n1
1221 3289 1356 3365 pro
1412 3261 1733 3366 qualibet
1815 3260 2259 3365 computatis
2332 3258 2584 3363 godiis
2638 3259 2773 3366 (2)
2826 3261 3185 3365 perceptis
3237 3261 3315 3340 in
3371 3260 3745 3342 solutione
3799 3287 3953 3366 pre-

792 3419 1007 3499 dicta,
1066 3448 1119 3490 et
1154 3437 1295 3507 quod
1319 3435 1548 3507 quelibet
1584 3452 1806 3506 persona
1841 3452 1942 3508 que
1977 3436 2205 3505 recipere
2240 3435 2450 3489 debebit
2487 3434 2685 3506 aliquid
2722 3436 2787 3488 ab
2810 3435 2982 3506 aliqua
3022 3452 3242 3505 persona
3279 3436 3345 3490 de
3382 3437 3599 3491 baennis
3636 3449 3876 3492 tenum
3900 3450 3953 3493 et

792 3595 978 3648 debeat
1014 3610 1197 3664 capere
1234 3594 1289 3646 ln
1326 3594 1589 3647 solutione
1625 3592 1785 3647 debiti
1821 3592 1954 3645 nibil
1992 3591 2132 3646 allud
2168 3603 2280 3645 tam
2316 3591 2382 3645 de
2417 3590 2780 3644 immobilibus
2815 3607 2975 3661 quam
3010 3591 3077 3645 de
3112 3592 3391 3646 mobilibus
3427 3595 3516 3662 (ς)

879 3827 920 3838 *m-

779 3927 999 4091 DE
1053 4009 1368 4092 REBUS
1422 4009 1955 4091 MALORUM
1987 4009 2602 4093 DEBITORUM
2650 4011 3032 4091 DANDIS
3093 4011 3207 4091 IN
3257 4008 3771 4092 SOLUTUM
3803 4006 3953 4090 FI-

1091 4166 1828 4248 DEIUSSORIBUS.

903 4380 1092 4584 Q
1112 4488 1268 4544 TEM
1311 4482 1639 4568 potestas
1673 4482 2007 4543 teneatur
2061 4463 2293 4544 facere
2331 4463 2484 4543 dari
2532 4463 2611 4542 iri
2658 4461 2988 4543 solutum
3033 4463 3125 4543 de
3172 4462 3387 4544 rebus
3425 4463 3797 4545 malorum
3835 4464 3956 4545 de-

797 4620 1121 4701 bitorum
1174 4620 1729 4701 fideiussoribus
1783 4622 1906 4727 qui
1965 4621 2320 4703 soluerint
2374 4621 2495 4702 uel
2553 4619 2889 4701 dederint
2924 4621 3237 4726 pignora
3291 4647 3427 4725 pro
3507 4621 3691 4702 aliis.
3775 4622 3957 4702 duas

799 4796 1138 4857 numatas
1190 4778 1324 4885 (4)
1378 4805 1512 4882 pro
1569 4805 1722 4859 uno
1777 4777 1926 4859 alio
1979 4778 2283 4861 denario
2363 4780 2505 4860 nisi
2591 4796 2837 4859 essent
2890 4803 3007 4857 res
3060 4776 3378 4857 mobiles
3458 4777 3579 4858 uel
3661 4780 3823 4860 dos‚
3884 4797 3957 4858 et

797 4953 973 5015 tunc
1028 4953 1328 5016 numata
1382 4934 1593 5015 detur
1646 4963 1782 5040 pro
1837 4936 2163 5017 denari0.
2223 4955 2296 5016 et
2347 4938 2586 5041 possit
2642 4935 2933 5015 debitor
2987 4961 3407 5040 recuperare
3490 4962 3607 5016 res
3690 4936 3956 5015 immo-

798 5090 983 5173 biles
1063 5091 1355 5172 liuratas
1433 5092 1848 5173 fideiussori
1904 5093 1979 5172 in
2034 5119 2310 5172 annum
2366 5111 2440 5172 et
2495 5092 2698 5172 diem
2778 5110 2949 5197 post
3031 5091 3500 5173 liurationem
3572 5090 3839 5172 factam
3895 5094 3956 5172 si

795 5250 1189 5329 restituerit
1241 5249 1655 5331 fideiussori
1709 5249 2042 5354 predicto
2077 5252 2564 5355 quantitatem
2622 5249 2798 5329 dicti
2854 5248 3082 5329 debiti
3121 5248 3302 5327 infra
3338 5248 3623 5328 dictum
3661 5268 3956 5355 tempus

798 5424 872 5485 et
952 5433 1309 5512 expensas
1389 5406 1798 5488 liurationis
1878 5426 1952 5487 et
2033 5434 2259 5488 omne
2342 5409 2694 5487 interesse
2778 5431 3018 5485 suum.
3104 5404 3609 5510 computando
3691 5406 3958 5512 godias

799 5582 1176 5667 perceptas
1232 5565 1306 5643 in
1362 5564 1735 5645 solutione
1788 5564 2135 5670 predicta.
