5117 6834
827 536 904 699 'f.
1158 658 1223 703 x.

2386 293 2449 360 V

1284 555 1564 724 Quod
1611 624 2000 673 monstretur
2044 606 2122 674 ad
2168 606 2464 673 occulum
2512 606 2690 673 locus
2738 604 2816 673 de
2861 627 2990 694 quo
3035 605 3196 673 facta
3242 623 3335 673 est
3380 627 3619 672 accusa.

1281 818 1562 987 Quod
1609 869 1813 937 banna
1859 870 2188 938 soluantur
2233 892 2268 935 a
2312 869 2689 958 pastoribus.

1283 1063 1564 1232 Quod
1609 1138 1832 1184 accuse
1876 1115 2027 1184 fiant
2072 1115 2235 1184 infra
2281 1135 2527 1185 certum
2558 1118 2925 1184 terminum.

828 1822 904 1921 fi
1042 1879 1204 1927 XXIII

1209 1419 1225 1436 .
1288 1309 1565 1478 Quod
1609 1386 1741 1431 non
1787 1363 1971 1453 detur
2020 1362 2332 1431 deffensio
2378 1364 2566 1431 alicui
2612 1380 2756 1431 ante
2802 1384 2992 1452 quam
3038 1361 3376 1451 probatum
3420 1364 3520 1429 sit.

1291 1555 1569 1738 Quod
1600 1610 1920 1677 accusatio
1965 1630 2096 1677 non
2144 1611 2530 1697 exprimatur
2575 1611 2644 1676 in
2689 1608 2923 1677 libello.

1206 1898 1225 1926 Δ.
1295 1804 1445 1926 De
1493 1876 1627 1922 non
1671 1854 1983 1942 portando
2030 1839 2358 1922 cultellum
2404 1872 2465 1922 et
2511 1853 2887 1922 habentibus
2933 1856 3320 1924 inimicitias.

828 2067 904 2166 f.
1050 2124 1223 2171 xxvl.
1294 2050 1448 2172 De
1497 2102 1643 2191 igne
1688 2123 1822 2170 non
1867 2100 2166 2192 ponendo
2213 2103 2281 2169 in
2326 2102 2716 2171 nemofibus.

829 2314 906 2412 f.
982 2370 1223 2417 xxvnn.

831 2558 908 2658 fi
1076 2614 1227 2662 XLII.

1294 2294 1567 2464 Quod
1617 2347 1752 2416 dies
1797 2367 1860 2416 et
1906 2348 2064 2417 hora
2109 2367 2171 2417 et
2217 2368 2500 2417 contrata
2545 2351 2612 2417 in
2659 2371 2880 2416 accusa
2926 2351 3386 2418 contineantur.

1295 2540 1571 2710 Quod
1615 2615 1750 2661 non
1794 2593 2146 2662 habitantes
2192 2596 2262 2662 in
2307 2594 2569 2663 baennis
2615 2617 2747 2663 non
2792 2596 3036 2683 possint
3081 2595 3286 2664 facere
3332 2618 3644 2664 accusam.

1209 2887 1225 2904 .
1301 2787 1454 2952 De
1504 2840 1860 2928 petentibus
1906 2864 2200 2909 accusam
2247 2860 2310 2909 et
2355 2864 2727 2930 processum
2773 2866 2808 2909 a
2854 2843 3107 2911 notario
3137 2840 3259 2908 sibi
3290 2840 3424 2908 dari
3466 2864 3579 2930 per
3610 2842 3991 2934 exemplum.

829 3047 905 3146 f.
1122 3102 1224 3150 Lv.
1297 3032 1451 3194 De
1502 3090 1788 3178 personis
1835 3089 2140 3155 accusatis
2186 3106 2248 3155 et
2294 3086 2754 3156 deffensionem
2812 3090 3046 3156 iustam
3093 3088 3374 3156 fecerint.
3471 3147 3481 3157 .

829 3290 905 3390 f·
1045 3347 1221 3394 Lxm.

803 3569 806 3573 ’
830 3535 907 3636 f·
1075 3592 1224 3639 va.

830 3781 906 3879 f.
1006 3828 1225 3884 vam.

828 4026 903 4124 fi
982 4076 1222 4129 LXXVII.

825 4967 900 5066 f.
1026 5024 1221 5071 xxm.

1296 3264 1575 3434 Quod
1621 3304 1957 3406 processus
2004 3315 2202 3384 factus
2248 3334 2470 3384 contra
2516 3316 2784 3406 capitula
2829 3317 2912 3384 sit
2956 3316 3188 3385 nullius
3233 3317 3488 3384 ualoris.

1297 3510 1577 3679 Quod
1623 3586 1866 3632 nomen
1913 3581 1974 3631 et
2019 3585 2374 3654 prenomen
2419 3561 2915 3632 custodientium
2963 3562 3192 3632 bestias
3231 3566 3617 3652 exprimatur
3651 3565 3717 3632 in
3753 3585 3995 3632 accusa.

1301 3757 1580 3927 Quod
1628 3811 2026 3878 contineatur
2070 3832 2330 3887 nomen<
2359 3829 2421 3878 et
2466 3832 2824 3900 prenomen
2869 3812 2935 3878 in
2981 3810 3259 3900 qualibet
3304 3833 3546 3879 accusa.

1297 4004 1572 4175 Qod
1620 4056 1894 4147 quelibet
1940 4079 2210 4146 persona
2255 4059 2457 4147 possit
2503 4056 2882 4126 denunciare
2929 4055 3009 4124 de
3055 4016 3335 4145 dampno
3380 4055 3500 4123 sibi
3545 4056 3714 4126 dato.

1207 4338 1224 4354 ·
1297 4228 1493 4398 (De
1542 4326 1765 4372 accusa
1809 4303 1951 4371 data
1996 4325 2108 4391 per
2166 4229 2590 4397 exemplum).

1615 4613 1767 4717 hic
1840 4615 2376 4720 continetur
2448 4613 2569 4720 de
2643 4615 3012 4754 magnis
3086 4611 3602 4719 maleficiis,

1303 4969 1461 5119 De
1506 5019 1719 5087 uerbis
1750 5022 2091 5088 iniuriosis.

1300 5215 1452 5364 De
1501 5265 1739 5334 insultu
1787 5282 1849 5334 et
1894 5264 2107 5354 gladio
2150 5287 2283 5334 non
2329 5266 2693 5334 extraendo.

1301 5461 1451 5609 De
1498 5511 2011 5600 percussionibus
2057 5527 2121 5579 et
2166 5510 2405 5579 ferutiS.
