5117 6834
389 1250 478 1328 Ι7

397 3382 488 3458 18

2236 297 2432 442 1111
2493 335 2498 344 ’

751 642 932 747 poni
990 641 1066 720 in
1121 650 1434 745 regesto'
1478 641 1844 720 comunis,
1901 640 1995 721 Et
2049 641 2252 746 quod
2291 639 2413 721 ille
2452 641 2576 745 qui
2615 667 2770 720 non
2822 640 3320 743 designauerit
3374 641 3927 744 possessionem

753 801 834 879 in·
887 817 1189 902 regesto
1245 798 1535 878 amittat
1587 798 2166 903 possessionem.
2341 781 2344 784 Α

747 1138 969 1303 DE
1023 1217 1392 1300 GRANO
1450 1215 1897 1299 PERDITO
1953 1216 2096 1295 AD
2151 1213 2898 1295 MOLANDINUM.

888 1500 895 1509 ,
928 1469 951 1501 )
983 1460 1057 1511 17?
3829 1473 3846 1489 .

882 1460 1043 1613 4⁴¹¹?
1083 1555 1241 1611 ΤΕΜ
1294 1549 1625 1610 teneatur
1680 1547 2007 1634 potestas
2061 1529 2293 1609 facere
2332 1529 2710 1610 emendari
2748 1557 3063 1635 granum
3104 1549 3176 1609 et
3224 1530 3477 1609 omnia
3523 1528 3662 1609 alia
3722 1528 3930 1609 blada

880 1598 883 1601 -
918 1596 923 1603 ι

750 1687 1032 1791 perdita
1089 1707 1162 1768 et
1214 1688 1583 1794 perditum
1639 1686 1730 1766 ad
1787 1685 2304 1767 molandinum
2387 1691 2478 1767 ab
2562 1686 2706 1768 illis
2760 1690 2885 1792 qui
2940 1687 3211 1768 habent
3266 1686 3696 1767 molituram
3751 1686 3932 1766 infra

753 1865 930 1926 octo
987 1845 1147 1925 dies
1201 1865 1372 1950 post
1426 1846 1911 1925 amissionem
1951 1845 2011 1924 si
2075 1872 2231 1925 non
2306 1865 2559 1950 posset
2616 1846 2952 1926 inveniri.
3010 1846 3102 1924 Et
3157 1845 3359 1950 quod
3416 1844 3928 1947 molendinarii

754 2022 827 2083 et
883 2003 1233 2083 custodes
1286 2002 1896 2083 molendinorum
1974 2022 2361 2083 teneantur
2434 2001 2922 2083 solummodo
2980 2002 3371 2082 emendare
3428 2021 3502 2082 et
3554 2003 3934 2082 restituere

754 2160 1037 2240 dictum
1094 2187 1410 2265 granum
1464 2160 1835 2265 perditum
1888 2160 2162 2265 absque
2236 2161 2438 2266 quod
2523 2160 2878 2240 dominus
2942 2160 3331 2265 episcopus
3384 2158 3505 2239 uel
3559 2159 3746 2239 alius
3800 2188 3935 2264 pro

756 2344 850 2397 eo
906 2317 1323 2397 contribuat
1376 2316 1650 2422 aliquid
1707 2318 1784 2397 in
1838 2317 2033 2397 dicta
2103 2317 2517 2424 perditione
2602 2319 2835 2421 grani.
2921 2318 3013 2397 Et
3077 2315 3278 2397 idem
3337 2315 3787 2420 intelligatur
3842 2317 3935 2397 de

754 2501 1004 2579 panno
1062 2494 1136 2555 et
1192 2477 1496 2555 canabo,
1549 2494 1623 2555 et
1670 2474 2123 2580 intelligatur
2175 2475 2369 2554 dicta
2423 2476 2792 2555 restitutio
2847 2474 3008 2554 fieri
3045 2474 3333 2555 debere.
3392 2475 3453 2554 si
3509 2474 3583 2554 id
3640 2475 3732 2554 de
3784 2501 3935 2579 quo

751 2650 1114 2738 pateretur
1169 2632 1328 2713 fieri
1383 2633 1752 2713 restitutio
1805 2651 2308 2739 presentatum
2363 2632 2619 2713 fuisset
2668 2631 3226 2712 molendinariis
3286 2633 3441 2712 siue
3501 2631 3933 2713 custodibus

756 2788 1366 2872 molendinorum
1420 2789 1540 2870 uel
1604 2788 1819 2870 alicui
1875 2791 2230 2894 ipsorum.
2306 2788 2513 2869 aliter
2569 2816 2748 2869 non.
2824 2788 2917 2869 de
2982 2817 3124 2893 qua
3177 2790 3722 2893 presentatione
3787 2817 3933 2869 cre-

757 2947 968 3026 datur
1022 2948 1300 3051 petenti
1357 2948 1772 3028 iuramento
1829 2966 1904 3028 et
1958 2946 2051 3027 de
2107 2948 2510 3052 quantitate
2566 2946 2870 3051 perdita.

751 3290 1154 3496 QOD
1192 3364 1720 3446 POTESTAS
1760 3363 2041 3444 NIHIL
2077 3361 2352 3443 DARE
2389 3360 2744 3441 POSSIT
2781 3359 2914 3440 DE
2964 3357 3272 3439 BONIS
3319 3356 3811 3437 COMUNIS.

882 3583 1243 3785 ffi‘rffl
1298 3707 1654 3769 statutum
1711 3707 1823 3768 est
1877 3687 2080 3791 quod
2136 3704 2466 3793 potestas
2501 3712 2640 3765 nec
2678 3683 3119 3765 conscilium
3155 3710 3291 3763 nec
3338 3708 3660 3762 comune
3717 3684 3932 3762 baen-

758 3872 1018 3927 narum
1076 3872 1231 3925 non
1283 3846 1520 3951 possit
1573 3845 1744 3925 dare
1799 3871 1937 3924 nec
1993 3843 2147 3923 dari
2204 3841 2436 3923 face're
2474 3869 2612 3923 nec
2650 3861 2984 3921 mutuare
3039 3840 3253 3920 alicui
3307 3865 3622 3944 persone
3659 3838 3933 3943 aliquid

760 4004 852 4084 de
927 4003 1148 4084 bonis
1220 4003 1585 4083 comunis
1672 4002 1813 4082 nisi
1897 4020 2145 4082 essent
2228 4001 2769 4080 ambaxiatores
2839 3999 3079 4101 nuncii
3157 4016 3281 4077 aut
3353 3996 3679 4099 officiarii
3761 3995 3937 4076 dicti

760 4161 1126 4241 comunis,
1179 4158 1296 4240 uel
1351 4159 1683 4240 debitum
1735 4158 2118 4264 quoddam
2173 4156 2447 4238 factum
2496 4156 2617 4237 uel
2668 4156 3119 4262 promissum
3170 4183 3213 4235 a
3259 4154 3563 4234 comuni
3631 4155 3938 4233 baenna—

762 4346 949 4398 rum.
991 4338 1065 4399 et
1100 4317 1304 4423 quod
1340 4336 1670 4424 potestas
2167 4343 2323 4397 non
2377 4315 2615 4421 possit
2667 4340 2943 4432 ponere
2999 4314 3144 4393 hoc
3202 4314 3277 4392 in
3333 4310 3691 4393 conscilio
3748 4331 3821 4392 et
3877 4313 3936 4392 si

760 4476 1128 4582 possuerit
1184 4475 1427 4558 soluat
1483 4494 1556 4555 et
1610 4476 1900 4555 amittat
1954 4502 2090 4579 pro
2144 4501 2334 4580 pena
2371 4473 2465 4553 de
2503 4500 2642 4553 suo
2699 4472 2961 4554 salario
3017 4471 3236 4553 libras
3272 4470 3407 4579 (1)
3453 4471 3737 4551 decem.
3795 4497 3938 4575 que

646 4703 650 4706 Α
759 4634 1199 4739 proueniant
1263 4634 1590 4714 comuni.
1655 4634 1748 4713 Et
1803 4636 1863 4713 si
1928 4633 2093 4738 quis
2156 4632 2430 4712 diceret
2496 4633 2845 4737 potestati
2918 4651 3000 4712 ut
3060 4650 3369 4737 poneret
3441 4631 3517 4710 in
3581 4627 3939 4710 conscilio

763 4790 882 4871 uel
939 4790 1355 4871 consuleret
1409 4808 1665 4871 contra
1720 4788 1963 4870 soluat
2010 4816 2147 4894 pro
2197 4815 2385 4894 pena
2442 4787 2729 4869 solidos
2782 4816 2905 4870 Lx.
2961 4808 3035 4869 et
3087 4790 3215 4893 qui
3270 4807 3463 4868 esset
3526 4788 3618 4868 de
3681 4787 3941 4893 partita

763 4948 1038 5054 aliquid
1108 4947 1331 5029 dandi
1400 4948 1493 5028 de
1562 4948 1868 5028 comuni
1932 4948 2276 5028 eamdem
2333 4974 2602 5053 penam
2666 4947 3092 5027 substineat.
3161 4966 3234 5026 et
3289 4946 3433 5026 hoc
3488 4972 3643 5025 non
3706 4945 3941 5050 possit

761 5108 1134 5188 remoueri
1171 5106 1530 5188 conscilio
1584 5105 1705 5186 uel
1751 5105 1900 5187 alio
1939 5105 2200 5187 modo.
2243 5124 2316 5185 et
2351 5124 2682 5210 potestas
2725 5123 3060 5185 teneatur
3097 5103 3278 5184 infra
3323 5130 3664 5184 mensem
3708 5129 3941 5182 unum

761 5292 1129 5373 posquam
1184 5265 1526 5346 iurauerit
1580 5265 1973 5369 regimem.
2031 5263 2265 5344 facere
2323 5264 2554 5343 iurare
2612 5289 2880 5343 omnes
2935 5260 3440 5342 consciliarios
3490 5263 3941 5341 baennarum

763 5424 1154 5505 obseruare
1208 5424 1529 5528 predicta
1585 5442 1658 5503 et
1712 5450 1868 5503 non
1953 5448 2112 5502 esse
2197 5423 2272 5502 in
2355 5423 2804 5503 contrarium
2879 5421 2972 5502 de
3027 5420 3287 5525 partita
3341 5446 3477 5500 nec
3533 5418 3766 5501 facere
3824 5420 3938 5501 uel

762 5583 1037 5663 uenire.
