5117 6834
2315 234 2444 303 VII

769 553 844 653 f·
1013 606 1162 653 XLII·
1227 548 1392 699 Ad
1441 616 1593 684 quas
1638 616 1851 682 pessas
1896 592 2130 680 pessari
2179 590 2422 657 debeat.

771 797 846 896 f·
995 851 1166 898 me.
1231 790 1381 943 De
1428 838 1741 920 extraneis
1786 788 2204 904 uendentilms
2252 832 2527 922 aliquam
2562 853 2698 897 rem
2747 828 2826 895 ad
2871 849 3141 917 pessam.

773 1040 848 1140 f·
973 1094 1168 1142 xum.
1228 1035 1396 1190 ᾼ-(Ι
1442 1104 1602 1170 quos
1651 1080 1946 1147 ferrarios
1965 1149 1972 1154 ,
1994 1077 2416 1185 habitantibus
2464 1077 2849 1143 baennarum
2899 1072 3196 1138 fabricare
3244 1069 3449 1138 liceat.

776 1284 851 1385 f·
1023 1341 1167 1388 va.
1234 1277 1384 1434 De
1431 1324 1962 1393 macellatoribuS.

778 1532 853 1630 f·
1001 1585 1170 1632 val.
1233 1521 1384 1679 De
1429 1570 1783 1637 textoribus
1830 1586 1891 1636 et
1938 1584 2223 1657 paratura
2269 1588 2631 1654 pannorum
2679 1582 2741 1630 et
2786 1565 3075 1651 ipsorum
3124 1582 3439 1628 mensura.

779 1777 855 1876 f·
981 1829 1174 1878 van.
1237 1765 1387 1924 D?
1434 1814 1799 1930 sartoribus

781 2022 858 2123 f·
939 2075 1176 2125 valm.
1244 2006 1523 2184 Qnod
1568 2049 1878 2146 eligantur
1927 2055 2054 2123 duo
2103 2056 2390 2122 massarii
2438 2076 2530 2119 ex·
2560 2051 2684 2118 illis
2732 2053 2840 2139 qui
2887 2050 3120 2118 habent
3181 2067 3358 2117 ortos
3405 2051 3473 2116 in
3519 2047 3845 2136 bergonia.

781 2267 857 2367 f·
1093 2321 1174 2367 LI.
1241 2250 1517 2431 Qod
1564 2243 1888 2370 manuales
1935 2294 2250 2390 ponantur
2295 2298 2374 2366 ad
2419 2320 2724 2365 scarsum.

1244 2499 1394 2660 De
1441 2547 1565 2615 illis
1612 2549 1719 2635 qui
1766 2569 1896 2614 non
1943 2562 2207 2633 possunt
2254 2566 2392 2610 esse
2440 2560 2858 2609 accusatores.

1245 2742 1396 2902 ἓξ
1442 2788 1835 2858 scurantibus
1882 2791 2088 2856 rianas
2135 2810 2324 2876 super
2356 2787 2631 2854 'comuni
2676 2787 2745 2852 in
2791 2785 2942 2852 uilla
2990 2784 3399 2851 baennarum.

785 3004 862 3102 f·
1052 3057 1178 3104 Lm.
1247 2983 1524 3150 Qod
1569 3033 1848 3100 taschete
1897 3050 1960 3099 et
2007 3031 2321 3120 parasides
2369 3053 2503 3097 non
2547 3048 2881 3098 teneantur
2926 3029 3003 3132 ad
3050 3028 3437 3097 molandina.

1248 3230 1395 3351 De
1442 3276 1756 3359 fornariis.

787 3493 863 3593 f·
1080 3548 1181 3593 ιν.
1250 3476 1399 3597 De
1446 3524 1787 3612 caligariis..

1244 3720 1394 3841 De
1442 3768 1737 3835 ferrariis.

1060 4020 1185 4069 Lvt.
1248 3946 1400 4068 De
1445 3994 1948 4084 retaglatoribus·

788 3969 890 4315 taz-*2

1037 4265 1184 4314 Lvu.
1249 4187 1526 4356 Quod
1573 4240 1778 4328 aliqua
1823 4260 2096 4327 persona
2139 4260 2271 4305 non
2319 4236 2543 4305 debeat
2599 4237 2895 4325 colligere
2950 4237 3231 4303 leamum
3278 4258 3394 4303 nec
3447 4235 3665 4303 bussas
3711 4237 3781 4302 in
3826 4237 3952 4302 uia.

1065 4511 1186 4558 LXI.
1254 4433 1405 4604 Pe
1452 4483 1692 4551 canabo
1740 4481 2013 4550 batendo
2060 4482 2139 4549 ad
2185 4481 2621 4549 batenderium
2666 4504 2776 4570 per
2822 4480 3100 4570 aliquem
3152 4480 3229 4548 de
3278 4480 3562 4548 familia.'

792 4459 871 4804 2¹⁸³&

1036 4756 1183 4804 an.
1250 4674 1525 4844 Quod
1570 4727 1897 4795 manuales
1950 4749 2084 4794 non
2152 4728 2399 4816 possint
2469 4743 2633 4793 stare
2680 4726 2750 4792 in
2793 4724 3040 4813 plathea
3086 4743 3423 4814 postquam
3471 4746 3539 4790 se
3584 4724 3949 4791 locauerint.

1022 5001 1192 5049 Lxm.
1254 4920 1528 5088 Quod
1576 4970 1824 5037 bonerii
1868 4987 2202 5038 teneantur
2249 4969 2532 5037 laborare
2578 4967 2703 5037 illis
2750 4970 2977 5059 quibus
3026 4971 3458 5059 promiserint.

796 4879 883 5293 ruz-u.

1001 5246 1192 5294 Lx1111.
1257 5164 1532 5334 Quod
1577 5217 1786 5305 aliqua
1833 5216 2065 5285 domus
2115 5216 2193 5284 de
2239 5216 2475 5284 solario
2520 5239 2656 5284 non
2699 5219 2903 5304 possit
2948 5217 3150 5283 teneri
3197 5234 3453 5304 coperta
3518 5215 3598 5283 de
3643 5216 3844 5283 conis.

804 5438 879 5536 Η

1044 5492 1192 5538 va,
1257 5407 1532 5575 Quod
1577 5460 1827 5529 leamen
1873 5483 2224 5550 gurgorum
2274 5461 2456 5529 detur
2503 5468 2622 5550 pro
2667 5464 2876 5549 puteis
2922 5460 3229 5550 aptandis,
