5117 6834
806 592 952 704 ξι.;
988 600 1014 678 3<
1061 576 1169 646 ec
1249 563 1470 646 sunt
1519 539 1916 680 capitula
1967 564 2059 645 et
2110 542 2768 647 ordinamenta
2818 542 3052 648 facta
3103 580 3267 683 per
3317 543 3954 686 infrascriptos

762 682 787 809 ἓ
838 754 942 805 κ
987 696 1021 825 f?
1061 716 1745 855 capitulatores.
1803 715 2165 839 scilicet
2195 719 2593 821 Minum
2633 718 3042 856 nigrum.
3095 719 3708 825 Arditionem
3744 720 3954 828 bea-

729 905 1145 1015 .lecium.
1183 908 1778 1014 Fredelicum
1800 908 2366 1015 barberium.
2405 908 2926 1015 nicoletum
2964 909 3357 1048 gallum.
3377 912 3951 1018 Conradum

739 1125 1165 1240 spatam.
1248 1101 1736 1207 Obertum
1812 1087 2189 1207 coliam.
2272 1103 2809 1235 Oddonem
2883 1141 3373 1243 aragnum.
3453 1103 3951 1211 henricum

767 1289 1324 1400 bealecium.
1427 1299 1486 1409 J
1492 1296 1875 1433 orgium
1987 1295 2520 1433 giraudum.
2637 1294 3217 1401 Michaelem
3327 1335 3780 1437 cognum.
3862 1324 3954 1405 et

769 1491 828 1601 J
832 1487 1247 1593 acobum
1301 1487 1692 1593 colium.
1747 1513 2185 1628 tempore
2235 1488 2608 1593 domini
2659 1491 2991 1628 petrini
3040 1489 3160 1596 de
3209 1513 3523 1595 sancta
3561 1493 3953 1596 victoria

771 1684 1259 1818 potestatis
1333 1681 1918 1787 baennarum
2030 1704 2121 1787 et
2232 1680 2797 1786 confirmata
2873 1719 3036 1822 per
3121 1681 3549 1787 nobilem
3633 1687 3952 1788 virum

771 1872 1290 1979 dominum
1367 1874 1904 1981 Oddonem
1955 1875 2075 1981 de
2113 1877 2484 2014 Riparia
2531 1877 2988 1980 vicarium
3040 1875 3408 1979 domini
3467 1875 3953 1982 Guidonis

771 2064 922 2170 dei
995 2068 1311 2204 gratia.
1393 2069 1781 2172 astensis
1879 2069 2346 2207 Episcopi.
2428 2105 2534 2172 ac
2609 2105 2772 2207 per
2849 2066 3284 2205 generale
3393 2066 3949 2174 conscilium

772 2257 989 2362 dicti
1064 2253 1275 2364 loci.
1354 2263 1473 2365 Et
1546 2258 1780 2366 lecta
1854 2285 1945 2367 et
2020 2260 2481 2399 publicata
2556 2262 2649 2364 in
2725 2257 2996 2399 plena
3105 2263 3568 2366 concione
3677 2260 3951 2366 baen-

772 2490 1116 2557 narum
1167 2476 1272 2557 ut
1322 2490 1559 2558 mox
1610 2475 1775 2559 est.
1853 2456 2153 2558 Anno
2205 2453 2575 2558 domini
2636 2451 3151 2558 millesimo
3226 2454 3767 2558 CCCXXI
3817 2454 3950 2557 in-

770 2645 1146 2751 dicione
1221 2670 1577 2786 quarta.
1658 2645 1808 2752 die
1880 2646 2358 2752 dominica
2429 2648 2787 2750 XVIII
2863 2643 3201 2784 aprilis,

374 3186 526 3268 297
757 3094 982 3263 DE
1034 3177 1447 3264 PASCUIS
1499 3182 1739 3265 NON
1790 3184 2515 3271 DESTRUENDIS.

883 3392 1074 3597 Q
1087 3497 1244 3552 ΤΕΜ
1316 3489 1676 3552 statutum
1733 3488 1845 3550 est
1899 3468 2101 3574 quod
2157 3468 2423 3574 aliqua·
2453 3496 2767 3574 persona
2849 3496 3004 3550 non
3061 3470 3325 3561 audeat
3381 3497 3515 3550 nec
3572 3493 3945 3575 presumat

768 3628 1126 3710 ronchare
1182 3656 1463 3709 cauare.
1523 3628 1645 3709 uel
1701 3627 1940 3709 modo
1995 3626 2245 3732 aliquo
2300 3627 2617 3714 alienare
2659 3626 2777 3707 uel
2815 3627 3113 3708 alienari
3161 3626 3394 3708 facere
3432 3626 3552 3708 uel
3608 3627 3948 3709 ronchari

768 3816 898 3869 seu
926 3786 1223 3868 arefeari
1255 3788 1388 3895 (1)
1414 3785 1738 3891 aliquam
1774 3785 2333 3891 possessionem
2391 3786 2547 3865 siue
2599 3811 2866 3865 nemus
2902 3786 3307 3866 uenditam.
3350 3787 3506 3865 siue
3544 3784 3939 3866 alienatam

766 3946 983 4027 alicui
1038 3972 1354 4051 persone
1409 3971 1537 4050 per
1594 3971 1916 4023 comune
1973 3944 2422 4023 baennarum
2479 3940 2731 4047 aliquo
2769 3961 2975 4022 certo
3030 3962 3272 4047 pacto.
3332 3969 3468 4022 nec
3526 3961 3771 4023 uetare
3811 3969 3947 4024 nec

765 4105 997 4185 uetari
1052 4102 1287 4184 facere
1342 4127 1697 4207 pascuum
1779 4098 2142 4206 aliquibus
2223 4100 2499 4179 bestiis,
2588 4117 2662 4179 et
2741 4100 2867 4204 qui
2951 4098 3464 4180 contrafecerit
3521 4098 3764 4180 soluat
3799 4128 3937 4206 pro

766 4261 1016 4344 banno
1072 4262 1378 4367 quocies
1432 4257 1942 4340 contrafecerit
1997 4258 2285 4340 solidos
2339 4285 2437 4336 xx
2492 4275 2823 4338 astenses
2860 4274 2935 4337 et
2972 4255 3298 4362 quelibet
3336 4284 3652 4362 persona
3707 4258 3947 4363 possit

766 4420 941 4500 inde
997 4445 1360 4500 accusare.
1419 4436 1493 4498 et
1522 4418 1589 4496 ei
1646 4418 2062 4498 iuramento
2120 4415 2476 4495 credatur.
2533 4414 2629 4494 Et
2681 4412 2945 4494 habeat
2999 4414 3294 4494 tertiam
3349 4432 3635 4519 partem
3694 4414 3942 4495 banni.

765 4581 859 4660 Et
913 4579 1268 4659 dominus
1320 4594 1652 4682 potestas
1705 4576 1943 4681 possit
2000 4574 2170 4654 inde
2230 4574 2593 4678 inquirere
2648 4573 2740 4652 ad
2797 4598 3007 4653 suam
3064 4570 3555 4653 uoluntatem.

371 5009 525 5111 298
758 4927 980 5096 DE
1031 5013 1738 5102 SALUATICINIS
1792 5021 2032 5105 NON
2085 5022 2737 5108 EXTRAENDIS
2789 5027 2924 5112 DE
2975 5029 3439 5113 BAENNIS.

879 5226 1070 5431 Q
1086 5342 1242 5398 TEM
1298 5334 1689 5395 statutum*
1720 5332 1833 5394 est
1903 5312 2105 5419 quod
2189 5310 2429 5415 aliqua
2501 5336 2817 5414 persona
2872 5335 3027 5388 non
3081 5307 3319 5412 possit
3376 5304 3754 5387 extrahere
3811 5332 3942 5387 seu

768 5475 1047 5556 extrahi
1104 5473 1338 5554 facere
1402 5472 1723 5578 aliquam
1790 5470 2295 5553 saluaticinam
2352 5494 2481 5548 seu
2535 5467 2904 5573 perdrices
2955 5465 3049 5547 de
3103 5464 3251 5546 fine
3309 5483 3407 5590 et.
3437 5492 3659 5570 posse
3727 5464 3943 5546 baen-
