5117 6834
833 2435 934 2512 66

845 3916 998 4053 67‘

1199 592 1371 675 dere
1426 591 1654 673 talem
1719 592 2127 674 absentem.
2184 592 2540 697 ponendo
2596 618 2880 673 nomen
2938 592 3097 673 eius
3151 593 3360 673 cuius
3417 590 3791 673 bonorum
3844 592 3975 673 fiet
4030 594 4374 674 excussio

1199 771 1272 832 et
1325 751 1522 834 bona
1579 754 1737 833 eius
1792 772 1865 833 et
1920 771 2158 833 cetera
2221 751 2735 833 continuando
2816 751 3037 832 cridis
3090 770 3172 830 ut
3229 750 3537 831 solitum
3604 770 3715 833 est
3777 750 3962 832 fieri.
4020 752 4114 833 Et
4168 753 4373 857 quod

1197 911 1340 992 hiis
1394 909 1603 991 factis
1656 914 1868 991 detur
1924 929 2212 990 curator
2267 909 2483 991 dictis
2536 911 2758 990 bonis
2795 910 2854 991 si
2893 936 3049 989 non
3105 910 3513 1014 apparuerit
3550 909 3934 1013 legitimus
3971 907 4371 991 deffensor.

1196 1095 1323 1174 per
1352 1096 1576 1174 quem
1615 1088 2028 1149 curatorem
2064 1067 2194 1149 fiat
2230 1068 2751 1149 inventarium.
2792 1086 2865 1148 et
2909 1068 3113 1172 quod
3152 1067 3393 1148 dictus
3430 1087 3721 1148 curator
3759 1067 4372 1173 condempnetur.

1195 1246 1269 1307 et
1326 1228 1385 1307 si
1441 1225 1680 1308 dictus
1735 1245 2024 1307 curator
2078 1227 2154 1305 in
2210 1225 2426 1306 dictis
2483 1226 2701 1306 bonis
2771 1226 3203 1306 uacantibus
3275 1224 3459 1304 nihil
3516 1224 3944 1331 expeditum
4011 1227 4376 1306 inuenerit

1197 1385 1719 1490 pronuncietur
1771 1411 1899 1490 per
1952 1402 2400 1490 potestatem
2455 1382 2577 1463 uel
2633 1383 2790 1463 eius
2846 1382 3097 1464 locum
3154 1402 3535 1464 tenentem
3574 1383 3768 1464 dicta
3807 1386 4003 1463 bona
4041 1386 4375 1464 uacantia

1199 1541 1354 1622 fore
1411 1541 1747 1646 legitime
1804 1568 2131 1624 excussa.
2191 1541 2440 1622 dando
2494 1567 2917 1645 regressum
2965 1540 3070 1621 illi
3107 1539 3228 1621 uel
3266 1540 3411 1621 illis
3465 1540 3555 1620 ad
3613 1543 3821 1621 cuius
3878 1542 3996 1621 uel
4054 1569 4375 1647 quorum

1199 1701 1622 1781 instantiam
1677 1699 1999 1806 predicta
2053 1700 2240 1781 facta
2295 1699 2560 1780 fuerint
2618 1717 2871 1778 contra
2908 1700 3315 1804 pignorum
3352 1706 3844 1805 possessores.
3887 1719 3960 1780 et
4015 1701 4130 1781 his
4168 1700 4376 1782 factis

1200 1860 1393 1939 dicta
1446 1862 1644 1976 bona
1697 1859 2098 1938 habeantur
2154 1858 2489 1960 legitime
2547 1876 2853 1938 excussa
2906 1884 3063 1937 non
3120 1859 3462 1937 obstante
3531 1857 3771 1963 aliqua
3854 1857 4376 1963 solempnitate

1202 2018 1396 2097 iuris.

1169 2389 1392 2555 DE
1443 2462 2238 2549 APPELLATIONE
2291 2461 2366 2545 A
2419 2459 2980 2545 PRECEPTIS.

1300 2648 1488 2851 ἓξ
1521 2775 1677 2831 TEM
1705 2769 2061 2832 statutum
2083 2769 2192 2831 est
2221 2751 2424 2854 quod
2455 2751 2517 2831 si
2543 2726 2876 2854 potestas
2903 2749 3025 2830 uel
3054 2750 3212 2870 eius
3241 2750 3493 2831 locum
3522 2769 3786 2832 tenens
3805 2752 4054 2831 lecerit
4075 2750 4375 2857 aliquod

1205 2928 1629 3014 preceptum
1683 2906 1897 2988 alicui
1954 2933 2267 3012 persone
2349 2907 2442 2988 de
2516 2906 2823 2989 baennis
2903 2906 3146 3013 aliqua
3219 2909 3637 3041 occasiope.
3698 2927 3771 2988 et
3826 2928 4082 2989 contra
4130 2909 4373 3014 ipsum

1206 3084 1628 3171 preceptum
1685 3065 2114 3170 oppositum
2170 3062 2383 3144 fuerit
2465 3090 2597 3144 seu
2667 3064 3103 3168 requisitum
3186 3064 3388 3169 quod
3470 3085 3991 3170 cognoscatur.
4048 3074 4377 3171 potestas

1206 3242 1536 3304 teneatur
1590 3221 1822 3302 facere
1878 3221 2239 3327 cognosci
2318 3247 2446 3325 per
2528 3219 2853 3301 iudicem
2936 3221 3413 3324 cognitorem
3477 3222 3920 3303 bannorum.
3978 3243 4375 3329 antequam
4432 3263 4459 3342 ρ

1209 3382 1441 3487 possit
1492 3406 1630 3485 pro
1682 3379 1875 3460 dicta
1931 3380 2324 3459 occasione
2376 3378 2775 3482 procedere
2814 3378 2890 3456 in
2926 3377 3176 3481 aliquo
3213 3398 3565 3483 precepto
3601 3379 3961 3461 faciendo.
4002 3383 4143 3461 nisi
4183 3401 4377 3463 esset

1208 3565 1343 3643 pro
1397 3536 1645 3641 aliquo
1700 3535 2092 3616 maleficio.
2152 3562 2247 3615 eo
2301 3534 2537 3615 modo
2594 3521 2747 3640 quo
2802 3553 3357 3638 cognoscuntur
3411 3534 3550 3615 alia
3605 3537 3844 3617 banna
3898 3537 4372 3618 baennarum.

1175 3906 1401 4074 DE
1450 3984 2078 4070 IURAMENTO
2135 3982 2923 4068 CAMPARIORUM.

1307 4167 1494 4370 ΞΕ
1526 4295 1681 4350 TEM
1707 4287 2039 4350 teneatur
2064 4286 2393 4373 potestas
2429 4266 2663 4349 facere
2701 4269 2934 4349 iurare
2976 4295 3246 4349 omnes
3282 4270 3694 4373 camparios
3723 4270 4001 4351 saluare
4033 4290 4106 4353 et
4135 4292 4376 4352 custo·

1210 4428 1364 4508 dire
1420 4452 1688 4507 omnes
1740 4426 2067 4506 boschos
2121 4444 2193 4505 et
2249 4450 2518 4506 omnes
2572 4424 2751 4506 alias
2829 4451 2969 4506 res.
3055 4444 3129 4505 et
3184 4425 3388 4530 quod
3444 4427 3582 4531 ipsi
3639 4426 3985 4532 camparii
4041 4456 4201 4510 non
4254 4429 4377 4510 de-

1214 4587 1432 4665 beant
1487 4582 1806 4664 incidere
1860 4581 1980 4662 uel
2036 4581 2259 4662 incidi
2314 4582 2548 4663 facere
2603 4583 2681 4663 in
2735 4581 3035 4663 boschis
3087 4583 3165 4662 in
3221 4581 3486 4688 quibus
3557 4582 3679 4664 alii
3716 4611 3871 4664 non
3910 4561 4259 4666 incident.
4300 4606 4374 4669 et

1211 4743 1337 4847 qui
1393 4740 1901 4822 contrafecerit
1956 4739 2198 4820 soluat
2249 4767 2387 4845 pro
2430 4766 2621 4845 pena
2675 4739 2986 4846 duplum
3024 4740 3242 4820 huius
3278 4740 3479 4846 quod
3529 4741 3830 4823 soluunt
3866 4742 3987 4823 alii
4024 4744 4376 4851 homines

1213 4898 1685 4980 baennarum.
1746 4916 1819 4980 et
1874 4898 1934 4977 si
1990 4895 2253 5003 aliquis
2307 4898 2717 5003 camparius
2770 4898 3127 5002 acceperit
3182 4897 3483 5003 aliquod
3556 4900 3940 4980 seruitium
4005 4926 4220 5011 causa
4261 4903 4380 4992 ui-

1211 5056 1414 5138 tandi
1469 5054 1798 5136 bannum
1853 5053 2097 5136 soluat
2148 5081 2286 5159 pro
2338 5056 2591 5135 banno
2653 5055 3328 5159 quocienscumque
3383 5053 3633 5136 fecerit
3689 5055 3974 5136 solidos
4017 5082 4118 5138 Lx
4157 5059 4376 5138 curie.

1213 5232 1286 5294 et
1340 5213 1684 5318 camparii
1738 5211 2123 5292 credantur
2193 5210 2286 5291 de
2368 5211 2959 5293 accusationibus
3038 5238 3167 5316 per
3222 5238 3356 5292 eos
3409 5211 3638 5292 factis,
3702 5247 3765 5296 et
3810 5229 3980 5318 quod
4027 5233 4381 5320 camparius

1210 5389 1319 5477 qui
1363 5386 1815 5455 contrafaceret
1860 5388 1942 5455 sit
1984 5388 2263 5475 priuatus
2306 5385 2421 5455 illo
2468 5384 2686 5454 officio
2726 5403 2789 5453 et
2833 5387 2888 5454 si
2927 5385 3187 5453 fecerint
3232 5385 3487 5474 aliquod
3533 5408 3853 5454 amassum
3898 5386 4010 5478 (3)
4056 5335 4380 5455 incurrant

1210 5565 1440 5631 penam
1487 5542 1840 5612 solidorum
1885 5565 1970 5611 Lx
2016 5562 2077 5610 et
2122 5541 2387 5632 quilibet
2431 5542 2635 5611 homo
2704 5543 2869 5611 bone
2926 5543 3094 5611 fame
3139 5546 3341 5632 possit
3387 5565 3681 5611 accusare
3728 5562 3790 5611 et
3836 5544 3970 5611 eius
4016 5546 4379 5613 iuramento
