5117 6834
2231 285 2430 389 XC

750 626 950 687 *Q
978 630 1157 697 ec
1230 616 1449 696 sunt
1524 592 1920 731 capitula
1993 591 2225 696 facta
2298 617 2737 731 tempore
2811 593 3179 698 domini
3255 592 3728 699 Gabrielis
3808 594 3936 698 bi-

754 780 779 884 ³.
830 772 939 891 ἕξ
1052 786 1331 891 lionis
1403 790 1903 925 potestatis·
1955 786 2567 892 baennarum.
2651 813 2741 893 et
2792 771 3250 926 sapientes
3300 788 3417 892 ad
3467 789 3653 892 hoc
3704 787 3934 893 elec-

756 1005 938 1086 tos,
1021 979 1366 1087 scilicet
1441 968 1992 1120 Georgium
2066 981 2601 1120 giraudum.
2684 981 3277 1087 Fredelicum
3351 982 3919 1087 barberium.

759 1176 1320 1315 Georgium
1397 1199 2027 1281 manesetum.
2110 1173 2633 1280 nicoletum
2710 1173 3097 1314 gallum.
3197 1173 3932 1281 Bertolomeum

759 1371 1173 1507 nigrum.
1231 1369 1695 1473 Iacobum
1760 1372 2378 1510 prepositum.
2436 1372 2937 1474 Bertinum
2991 1407 3402 1474 moram.
3471 1368 3935 1474 Iacobum

761 1563 878 1667 de
908 1562 1278 1668 truch0.
1324 1563 1889 1667 Iacobinum
1928 1562 2480 1668 bealecium.
2527 1566 3132 1667 Franciscum
3160 1600 3637 1701 gazerum.
3683 1561 3938 1666 Gul-

765 1757 1215 1861 liermum
1302 1754 1830 1860 carnaliam.
1914 1782 2003 1861 et
2078 1756 2613 1861 Iohannem
2694 1753 3134 1860 ollerium
3212 1781 3302 1861 et
3376 1754 3939 1860 confirmata

762 1915 853 2055 et
926 1949 1436 2088 approbata
1485 1987 1649 2088 per
1726 1949 2148 2080 nobilem
2225 1952 2546 2054 uirum
2622 1950 3137 2055 dominum
3190 1950 3769 2054 ardicionem
3822 1950 3939 2055 de
3994 1912 4004 1919 .

762 2170 1072 2248 sancta
1125 2144 1549 2248 uictoria..
1605 2142 1987 2248 ecclesie
2038 2146 2423 2248 astensis
2475 2146 2930 2247 vicarium
2983 2134 3520 2282 generalem
3598 2181 3703 2247 ac
3775 2180 3940 2281 per

762 2335 1324 2441 conscilium
1382 2334 1833 2476 ’generale
1901 2336 2511 2443 baennarum.
2595 2363 2686 2443 et
2759 2336 2993 2445 lecta
3069 2362 3161 2443 et
3232 2336 3697 2476 publicata
3775 2374 3940 2475 per

663 2557 666 2560 ’
762 2531 1315 2669 Georgium
1369 2554 2015 2635 manessetum
2081 2533 2565 2635 notarium
2627 2534 2881 2635 curie
2954 2530 3601 2652 baennarum„
3642 2533 3940 2634 Anno

762 2724 1133 2828 domini
1176 2722 1693 2828 millesimo
1736 2762 2332 2830 cccxxxvnl.
2380 2725 2850 2829 indicione
2890 2750 3145 2830 sexta
3182 2724 3332 2829 die
3361 2762 3489 2829 1111
3528 2726 3930 2828 Ianuari.

1035 3107 1158 3290 (Ιῖ
1191 3218 1252 3284 Τ
1337 3219 1491 3321 ego
1548 3182 2215 3321 francischinus
2274 3184 2911 3321 spandenarius
2986 3180 3088 3285 de
3176 3180 3703 3286 alexandria
3793 3221 3941 3285 no-

766 3378 1045 3480 tarius
1132 3378 1446 3514 scripsi
1517 3375 1665 3479 hec
1745 3374 2135 3514 capitula
2213 3382 2302 3478 in
2378 3393 2626 3479 carta
2711 3394 3087 3516 tempore
3196 3374 3535 3478 domini
3610 3374 3946 3516 philipi

764 3549 1073 3672 vaschi
1140 3573 1595 3710 potestatis
1673 3568 2246 3674 baannarum.
2328 3572 2601 3672 Anno
2674 3568 3012 3672 domini
3060 3527 3665 3706 iicccxxvxvm
3719 3566 3941 3671 indi-

764 3767 1000 3866 cione
1070 3722 1187 3867 xil.
1274 3765 1407 3866 die
1485 3762 1793 3866 ultimo
1869 3761 2339 3866 decembris
2413 3782 2795 3867 correcta
2835 3782 2919 3867 et
2971 3765 3480 3867 examinata
3528 3763 3934 3902 fuerunt.

766 3955 919 4058 deo
993 3959 1337 4095 gratias
1412 3958 1462 4094 (
1467 3958 1587 4094 1)

374 4471 519 4551 379
748 4328 1213 4557 (QOD
1294 4435 1404 4515 IN
1487 4397 2032 4516 CAPITULIS'
2096 4434 2837 4532 LOQUENTIBUS
2900 4436 3035 4516 DE
3088 4435 3588 4517 EPISCOPO
3644 4435 3938 4517 LOCO

1071 4593 1291 4672 Erus
1318 4592 2085 4820 INTELLJGA'QR
2113 4594 2634 4676 ILLUSTRIS
2661 4595 3138 4677 DoMINUS
3168 4594 3648 4678 DOMINUS
3676 4596 3941 4679 PRIN-

1070 4750 1310 4830 CEPS
1365 4700 1830 4910 ACHAIE).
1881 4823 1886 4828 ,
1925 4739 1967 4792 ²

896 5056 965 5151 ζ’
992 5046 1055 5158 ἐἷ
1092 5100 1257 5189 ‘nm
1306 5092 1771 5161 statuerunt
1832 5092 1913 5161 et
1969 5088 2402 5165 ordinauer
2412 5096 2566 5162 unt
2622 5089 3197 5181 capitulatores
3236 5093 3455 5182 quod
3493 5089 3774 5163 omnia
3811 5110 3945 5163 ca-

772 5244 1028 5337 pitula
1085 5265 1241 5338 que
1298 5246 1733 5319 nominant
1798 5245 2304 5339 Episcopum
2358 5267 2507 5320 seu
2562 5246 3025 5319 Ecclesiam
3089 5247 3533 5320 Astensem
3587 5250 3771 5321 loco
3827 5246 3945 5340 ip·-

773 5422 1061 5476 sorum
1117 5403 1614 5495 intelligatur
1668 5403 2013 5478 illustris
2070 5410 2151 5477 et
2205 5404 2693 5496 magnificus
2749 5403 3137 5477 dominus
3192 5411 3476 5479 noster
3560 5405 3947 5480 dominus

773 5560 1158 5654 princeps
1214 5562 1554 5655 Achaye
1609 5563 1799 5636 Dux
1854 5562 2277 5636 Sabaudie.
