5117 6834
2167 361 2480 464 XXV

761 708 1027 762 sonam
1086 679 1178 760 de
1217 680 1434 759 dictis
1471 678 1838 783 ayralibus
1874 697 2045 758 ante
2085 678 2354 758 festum
2393 678 2716 759 natalem
2755 680 3045 759 domini
3082 681 3404 786 proximi
3437 680 3950 784 subsequentis

765 841 898 918 sub
956 837 1220 917 eadem
1276 863 1489 942 pena.
1550 855 1627 915 et
1682 835 2008 940 quelibet
2060 862 2376 940 persona
2433 837 2670 940 possit
2724 836 2895 916 inde
2934 864 3273 917 accusare
3313 856 3386 917 et
3425 839 3491 917 ei
3530 838 3949 917 iuramento

762 995 1099 1076 credatur
1154 1014 1228 1075 et
1283 994 1548 1074 habeat
1601 994 1898 1074 tertiam
1953 1013 2241 1098 partem
2314 995 2563 1073 banni.
2641 1030 2703 1078 et
2750 1030 3028 1099 potestas
3074 1012 3276 1099 possit
3323 1013 3639 1100 inquirere
3694 1073 3699 1079 .

367 1444 398 1497 1
421 1443 506 1521 13
738 1323 1143 1530 QJOD
1168 1405 1475 1487 NEMO
1504 1403 1767 1486 STET
1802 1405 1912 1486 IN
1948 1402 2438 1485 TABERNA
2475 1401 2747 1484 POST
2782 1399 3270 1481 ULTIMAM
3297 1399 3913 1483 CAMPANAM.

364 3433 514 3509 114

879 1712 945 1806 {a}
974 1728 1039 1813 'era
1077 1756 1234 1810 TEM
1256 1748 1616 1810 statutum
1639 1730 1974 1834 estquod
2006 1729 2067 1808 si
2096 1728 2336 1833 aliqua
2356 1755 2676 1832 persona
2697 1729 2997 1808 inuenta
3016 1728 3231 1812 fuerit
3259 1730 3335 1808 in
3374 1728 3671 1809 taberna
3708 1729 3948 1835 aliqua

757 1886 1235 1967 baennarum.
1296 1888 1452 1967 siue
1509 1889 1586 1966 in
1641 1885 1883 1991 aliqua
1939 1886 2176 1967 domo
2233 1886 2351 1966 uel
2410 1885 2586 1967 loco
2624 1887 2700 1966 in
2756 1914 2907 1991 quo
2954 1887 3316 1967 uendetur
3351 1879 3612 1967 uinum
3667 1886 3758 1967 ad
3815 1888 3951 1967 mi·

756 2064 1024 2125 nutum
1064 2064 1236 2150 post
1275 2044 1619 2124 ultimam
1676 2071 2136 2151 campanam.
2177 2045 2318 2124 nisi
2359 2064 2551 2125 esset
2589 2071 2905 2149 persona
2960 2046 3295 2125 uendens
3349 2046 3633 2125 dictum
3688 2046 3948 2125 uinum

755 2202 879 2284 uel
935 2204 1030 2283 de
1089 2204 1249 2283 eius
1302 2202 1601 2284 familia.
1659 2201 1782 2282 uel
1838 2204 2114 2307 hospes
2169 2222 2583 2283 extraneus,
2642 2204 2765 2307 qui
2824 2202 2923 2281 ibi
2980 2202 3241 2282 cubare
3324 2202 3646 2283 deberet.
3706 2203 3948 2284 soluat

755 2388 893 2467 pro
955 2363 1206 2441 banno
1272 2388 1407 2465 pro
1474 2359 1797 2466 qualibet
1861 2387 2180 2465 persona
2243 2362 2549 2465 quocies
2624 2359 3132 2440 contrafecerit
3200 2359 3487 2440 solidos
3552 2387 3649 2441 111.
3722 2380 3797 2441 et
3849 2380 3952 2441 ta-

756 2521 1134 2600 bernarius
1191 2519 1435 2599 soluat
1486 2546 1625 2624 pro
1679 2521 1930 2599 banno
2003 2517 2354 2599 totidem.
2430 2520 2576 2598 hoc
2651 2519 2861 2598 saluo
2935 2519 3136 2623 quod
3211 2537 3542 2625 potestas
3613 2518 3733 2599 uel
3790 2521 3948 2600 eius

756 2678 1012 2758 locum
1065 2697 1330 2758 tenens
1381 2678 1619 2782 possit
1675 2676 1847 2756 dare
1904 2675 2281 2756 licentiam
2345 2675 2517 2756 inde
2599 2676 2814 2755 alicui
2869 2704 3185 2781 persone
3240 2676 3360 2757 uel
3414 2678 3753 2782 personis
3808 2704 3941 2757 oc·

756 2837 1055 2918 casione
1112 2834 1423 2914 cenandi
1481 2833 1786 2914 ibidem.
1846 2836 1905 2914 si
1963 2833 2137 2913 inde
2194 2833 2408 2914 fuerit
2445 2834 2861 2938 requisitus,
2902 2835 2995 2914 Et
3030 2853 3363 2939 potestas
3419 2853 3492 2914 et
3544 2833 3940 2914 familiares
4006 2926 4017 2936 ,

757 2999 916 3078 eius
971 3014 1045 3076 et
1100 2992 1407 3100 quilibet
1464 2993 1795 3097 ipsorum
1850 2992 2142 3096 possint
2197 2992 2368 3071 inde
2424 3019 2763 3071 accusare
2821 3010 2894 3071 et
2950 2993 3056 3071 eis
3112 2991 3467 3072 credatur.

744 3322 966 3488 DE
1021 3400 1663 3484 CUSTODIBUS
1717 3398 2205 3482 PRIUATIS.

892 3746 946 3789 ’ᾧ
978 3704 1040 3809 ’τιέξ
1073 3755 1231 3809 ΤΕΜ
1286 3748 1642 3810 statutum
1700 3746 1812 3809 est
1867 3727 2069 3833 quod
2107 3747 2439 3834 potestas
2476 3747 2811 3808 teneatur
2847 3726 3080 3808 facere
3118 3729 3298 3833 poni
3356 3747 3429 3808 et
3484 3730 3805 3809 ordinari
3842 3757 3938 3809 Lx

755 3885 1108 3967 custodes
1161 3888 1492 3992 priuatos
1548 3885 1641 3965 de
1699 3885 2032 3990 quolibet
2089 3887 2459 3989 quarterio
2515 3912 2640 3965 xv.
2701 3912 2895 3989 quos
2950 3884 3303 3965 custodes
3374 3912 3653 3989 ponere
3716 3904 3792 3966 et
3844 3888 3941 3965 la-

756 4072 919 4125 cere
976 4046 1210 4125 iurare
1263 4044 1307 4084 ³⁶
1362 4062 1750 4123 teneantur
1832 4042 1985 4123 duo
2067 4043 2418 4123 homines
2488 4041 2583 4122 ad
2640 4043 2785 4122 hoc
2843 4042 3054 4122 electi
3111 4070 3238 4147 per
3295 4042 3654 4123 electores
3706 4043 3750 4083 ³⁶
3802 4043 3938 4151 (ι)

756 4204 1103 4283 comunis
1160 4203 1632 4282 baennarum'.
1693 4220 1767 4281 et
1819 4201 2111 4307 possint
2167 4220 2241 4280 et
2296 4199 2614 4280 debeant
2667 4227 3029 4280 accusare.
3071 4219 3145 4279 et
3183 4199 3435 4280 locum
3492 4202 3808 4281 habeant
3843 4201 3937 4282 de

756 4388 956 4440 anno
1011 4362 1089 4440 in
1145 4387 1424 4440 annum
1477 4359 1521 4399 ³⁶
1573 4358 1922 4438 uidelicet
1976 4359 2054 4437 in
2109 4356 2475 4461 ayralibus
2539 4377 2615 4437 et
2669 4359 2745 4438 in
2802 4358 2985 4437 ortis
3039 4356 3130 4437 de
3187 4359 3439 4462 bropis
3494 4357 3629 4465 (2)
3684 4378 3758 4439 et
3813 4386 3940 4464 ge-

755 4518 1097 4599 neraliter
1151 4519 1227 4597 in
1284 4518 1637 4598 omnibus
1691 4516 2043 4596 clausuris
2097 4533 2172 4595 et
2224 4516 2300 4594 in
2367 4515 2718 4596 omnibus
2772 4516 3152 4595 arboribus
3206 4514 3639 4596 domesticis
3695 4535 3768 4597 et
3823 4543 3940 4596 sa·

757 4676 1040 4757 licibus.
1120 4676 1164 4716 ff
1245 4694 1320 4755 et
1409 4674 1743 4754 credatur
1805 4674 2397 4754 accusationibus
2454 4700 2739 4754 eorum.
2800 4692 2874 4753 et
2925 4672 3244 4753 habeant
3297 4674 3591 4754 tertiam
3655 4694 3938 4779 partem

756 4835 1003 4914 banni.
1061 4852 1137 4914 et
1190 4832 1393 4938 quod
1446 4851 1779 4938 potestas
1851 4850 2185 4912 teneatur
2258 4830 2490 4911 facere
2563 4831 2743 4936 poni
2820 4850 2893 4911 et
2966 4829 3288 4911 ordinari
3361 4832 3543 4911 intra
3598 4859 3939 4912 mensem

755 5012 1154 5098 postquam
1211 4991 1556 5071 iurauerit
1612 4991 1998 5095 sexaginta
2054 4989 2405 5070 custodes
2484 4991 2836 5095 priuatos.
2924 5009 2999 5069 et
3072 4990 3276 5094 quod
3333 4988 3510 5069 dicti
3588 4989 3939 5070 custodes

757 5151 1000 5230 iurent
1053 5176 1391 5229 accusare
1447 5174 1719 5228 omnes
1771 5176 2125 5253 personas
2164 5167 2237 5228 et
2274 5147 2546 5228 bestias
2570 5174 2764 5256 ‘quas
2817 5146 3175 5226 uidebunt
3212 5147 3473 5227 dantes
3527 5146 3937 5251 dampnum

760 5307 835 5386 in
892 5305 1152 5386 alienis
1205 5306 1422 5387 rebus
1476 5325 1551 5386 et
1608 5334 1871 5387 eorum
1926 5307 2517 5386 accusationibus
2574 5303 2928 5385 credatur.
