5117 6834
790 2500 939 2581 245

790 4152 946 4252 246

1185 658 1371 717 sona
1422 631 1666 738 possit
1717 630 1891 713 inde
1947 654 2287 713 accusare
2340 627 2951 711 contrafacientes
3005 646 3080 710 et
3134 628 3202 708 ei
3257 627 3678 710 iuramento
3741 627 4078 711 credatur
4129 644 4208 709 et
4259 645 4364 710 te·

1030 832 1039 841 ·
1180 809 1443 873 neatur
1494 789 1778 896 priuata
1832 806 1909 868 et
1960 787 2227 870 habeat
2262 788 2557 869 tertiam
2592 804 2881 893 partem
2917 786 3164 868 banni.
3200 787 3300 869 Et
3336 785 3539 891 quod
3573 783 3756 867 dicti
3794 785 3948 867 duo
3992 784 4376 902 sapient-es⁸

1181 966 1570 1029 teneantur
1622 948 2044 1028 iuramento
2089 972 2455 1027 recercare
2488 943 2814 1052 predicta
2855 962 2930 1024 et
2965 970 3307 1032 accusare
3353 943 3987 1050 contrafacientes.
4025 944 4123 1024 Et
4158 944 4361 1050 quod

1180 1123 1514 1212 potestas
1567 1121 1903 1185 teneatur
1958 1103 2192 1184 facere
2247 1103 2480 1182 iurare
2536 1103 2613 1197 in
2663 1101 3031 1209 principio
3094 1101 3484 1208 regiminis
3556 1102 3668 1182 sui
3740 1100 4115 1206 predictos
4183 1120 4367 1183 reta-

1183 1262 1516 1368 glatores
1597 1280 1672 1342 et
1727 1284 1998 1342 omnes
2050 1286 2407 1366 personas
2456 1258 2874 1341 uendentes
2928 1277 3001 1340 et
3055 1258 3547 1339 reuendentes
3599 1282 3736 1364 pro
3794 1257 4010 1340 dictis
4043 1256 4366 1364 retagla-

1181 1420 1471 1501 toribus
1522 1420 1847 1500 uendere
1896 1438 1978 1499 et
2030 1418 2264 1499 facere
2318 1420 2412 1499 ad
2469 1418 2748 1500 dictam
2825 1418 3178 1499 stantiam
3228 1432 3309 1498 et
3361 1440 3790 1498 mensuram
3849 1417 3963 1497 eis
4012 1415 4267 1497 datam
4320 1441 4364 1497 a

1184 1577 1403 1661 dictis
1458 1575 1915 1682 sapientibus
1967 1575 2167 1658 bona
2213 1575 2368 1658 fide
2418 1594 2499 1658 et
2548 1575 2965 1659 semndum
3017 1573 3342 1657 formam
3398 1573 3890 1680 capitulorum
3947 1593 4023 1654 et
4073 1573 4366 1657 ordina·

1184 1752 1616 1819 mentorum
1671 1734 2126 1818 baennarum
2182 1752 2257 1817 et
2308 1761 2467 1817 non
2514 1732 2754 1816 aliter.
2809 1733 2907 1816 Et
2962 1732 3318 1815 dominus
3369 1750 3700 1841 potestas
3736 1730 3857 1815 uel
3896 1732 4056 1815 eius
4106 1730 4361 1816 locum

1184 1910 1450 1975 tenens
1502 1894 1740 1997 possit
1795 1893 1888 1971 de
1942 1889 2292 1996 predictis
2370 1890 2736 1995 inquirere
2816 1889 2911 1970 ad
2994 1916 3204 1970 suam
3284 1889 3752 1971 uoluntatem
3803 1915 3963 1970 non
4019 1888 4360 1972 obstante

1185 2046 1436 2154 aliquo
1493 2047 1816 2154 capitulo
1873 2046 2068 2129 facto
2125 2047 2203 2128 in
2258 2046 2733 2128 contrarium.

1174 2399 1580 2606 QJOD
1634 2482 2035 2579 ALIQUA
2116 2480 2597 2564 PERSONA
2675 2480 2811 2561 DE
2891 2480 3331 2563 BAENNIS
3413 2480 3650 2561 NON
3731 2480 3848 2561 SE
3900 2478 4354 2562 OBLIGET

1486 2639 1702 2723 PRO
1757 2640 2158 2735 ALIQUA
2212 2638 2687 2720 PERSONA
2742 2636 3331 2719 EXTRAN'EA.

1301 2854 1662 3056 Qum
1717 2954 2077 3017 statutum
2135 2957 2246 3017 est
2284 2938 2487 3042 quod
2546 2938 2609 3018 si
2663 2937 2909 3042 aliqua
2962 2922 3758 3042 persona'd'e‘ba'ennis
3796 2926 3874 3017 se
3913 2901 4403 3056 obligauerit⁴

1187 3094 1279 3176 ad
1336 3093 1639 3201 aliquod
1695 3094 2032 3175 debitum
2087 3121 2181 3174 ex
2235 3121 2452 3174 causa
2506 3095 2748 3174 mutui
2804 3121 2976 3174 cum
3050 3113 3243 3174 carta
3324 3120 3581 3182 uersus
3659 3093 3985 3199 aliquem
4039 3093 4363 3185 credito-

1185 3277 1346 3334 rem
1402 3272 1838 3333 extraneum
1894 3250 2013 3331 uel
2069 3252 2163 3332 de
2217 3251 2526 3332 baennis
2578 3278 2716 3357 pro
2771 3250 3013 3356 aliqua
3092 3277 3412 3357 persona
3494 3269 3841 3331 extranea
3922 3250 3999 3331 in
4053 3231 4363 3331 baennis

1185 3409 1319 3491 uel·
1360 3437 1587 3516 posse
1642 3408 1894 3515 aliquo
1948 3409 2187 3489 modo
2240 3407 2363 3489 uel
2418 3409 2753 3514 ingenio,
2813 3406 3055 3488 soluat
3107 3435 3244 3513 pro
3298 3434 3488 3513 pena
3548 3425 3622 3487 et
3649 3406 3906 3488 banno
3943 3407 4233 3489 solidos
4266 3434 4363 3488 Lx

1186 3588 1518 3651 astenses
1571 3570 1878 3676 quocies
1931 3566 2461 3648 contrafecerit.
2516 3568 2613 3647 Et
2666 3583 2997 3672 potestas
3033 3565 3154 3646 uel
3193 3568 3352 3647 eius
3383 3565 3642 3675 locum
3688 3583 3960 3646 tenens
3993 3567 4232 3671 possit
4270 3566 4364 3648 de

1185 3729 1533 3836 predictis
1588 3728 1975 3832 inquirere.
2033 3753 2190 3807 non
2247 3725 2589 3806 obstante
2645 3723 2895 3830 aliquo
2950 3722 3272 3829 capitulo
3327 3725 3404 3805 in
3460 3723 3912 3804 contrarium
3966 3721 4182 3804 facto,

1182 4077 1591 4283 QOD
1645 4159 2044 4255 ALIQUA
2099 4156 2574 4239 PERSONA
2650 4156 2885 4239 NON
2967 4155 3323 4236 POSSIT
3407 4155 3883 4238 UENDERE
3967 4156 4360 4238 HERBAS

1498 4316 1966 4397 ALICUIUS
2020 4314 2329 4396 PRATI
2384 4315 2700 4412 LEQUI
2757 4313 2953 4393 UEL
3007 4310 3732 4393 COSTAMAGNE
3768 4313 4110 4393 ALICUI
4148 4313 4362 4394 PER·

1500 4473 1773 4554 SONE
1829 4472 2405 4554 EXTRANEE.

1310 4688 1663 4890 Qum
1708 4792 2076 4859 statutum
2130 4792 2243 4853 est
2297 4771 2501 4878 quod
2547 4771 2797 4877 aitqua
2848 4798 3166 4877 persona
3200 4772 3280 4852 in
3333 4770 3643 4852 baennis
3692 4771 4032 4853 habitans
4082 4772 4364 4859 habens

1184 4933 1489 5041 aliqmd
1541 4952 1836 5041 pratum
1886 4933 1967 5013 in
2020 4957 2242 5037 posse
2295 4934 2755 5013 baennamm
2809 4927 3006 5034 lequi
3062 4948 3136 5009 et
3167 4948 3661 5034 costemagne
3703 4957 3864 5010 non
3917 4931 4155 5036 possit
4183 4958 4364 5011 uen-

1132 5086 1135 5089 ’
1186 5093 1362 5177 dete
1418 5091 1542 5173 uel
1595 5091 1768 5173 dare
1822 5089 1944 5171 uei
1982 5088 2233 5195 aliquo
2264 5088 2509 5168 modo
2540 5086 2668 5167 uel
2703 5086 2926 5167 titulo
2959 5086 3372 5167 concedere
3402 5087 3627 5168 alicui
3661 5114 3980 5193 persone
4010 5106 4363 5175 emanee

1186 5251 1512 5357 aliquam
1568 5248 2057 5356 quantitatem
2113 5246 2262 5327 feni
2315 5245 2440 5326 uel
2491 5243 2717 5326 herbe
2791 5243 2974 5325 dicti
3053 5245 3261 5350 prati.
3327 5271 3472 5370 nec
3531 5244 3705 5324 inde
3758 5242 3994 5325 facere
4049 5245 4360 5350 aliquod

1186 5429 1654 5495 contractum
1700 5406 1826 5488 uel
1863 5425 2160 5513 pactum
2190 5432 2371 5486 curn
2408 5404 2649 5510 aliqua
2681 5430 3001 5508 persona
3050 5422 3423 5491 extranea.
3483 5404 3689 5483 cuius
3739 5421 4079 5508 praextu
4109 5404 4362 5485 eidem

1186 5594 1504 5674 persone
1550 5585 1905 5651 extranee
1953 5563 2054 5644 de
2102 5562 2360 5668 aliquo
2414 5563 2592 5642 ieno
2641 5559 2768 5642 uel
2822 5559 3048 5641 herba
3120 5559 3429 5666 aliquod
3511 5561 3628 5640 ius
3699 5561 4067 5665 aquiramr
4113 5559 4363 5665 aliqm
