5117 6834
807 771 950 849 125

810 2038 961 2116 126

814 3506 960 3588 127

810 5114 958 5193 128

1182 659 1408 824 DE
1463 738 1703 820 NON
1756 736 2336 819 INCIDENDO
2392 735 2885 832 ALIQUAM
2940 736 3390 817 CESSIAM.

1329 963 1390 1028 Ξῖ»
1421 968 1494 1028 ⁴²³?

1325 1031 1389 1078 tf.
1419 1021 1481 1098 ⁵-

1323 1125 1328 1136 ,
1346 1096 1389 1132 τι
1420 1065 1484 1144 ιμ’-ζ)

1528 1088 1686 1142 TEM
1761 1080 2119 1141 statutum
2196 1079 2308 1139 est
2363 1060 2568 1164 quod
2660 1058 2902 1163 aliqua
2972 1086 3291 1164 persona
3348 1086 3489 1164 que
3547 1058 3886 1141 inciderit
3938 1057 4061 1138 uel
4126 1060 4400 1162 ceperit

1199 1221 1524 1325 aliquam
1582 1220 1920 1299 cessiam.
1976 1217 2100 1298 uel
2156 1218 2592 1298 clausuram.
2653 1245 2795 1322 que
2853 1218 2990 1297 erit
3045 1218 3121 1296 in
3178 1217 3507 1298 clausura
3544 1216 3850 1298 alicuius
3887 1218 4104 1297 uince
4160 1217 4397 1298 aliene

1201 1379 1359 1459 siue
1416 1379 1559 1458 orti
1620 1379 1803 1482 prati
1858 1377 1977 1456 uel
2036 1377 2277 1482 campi
2333 1374 2600 1456 alicubi
2657 1377 2735 1455 in
2787 1376 2938 1455 fine
2976 1374 3452 1456 baennarum.
3514 1395 3585 1456 et
3643 1375 3838 1480 lequi
3898 1395 3971 1456 et
4027 1395 4401 1456 costema-

1202 1563 1375 1640 gne.
1435 1535 1677 1616 soluat
1733 1564 1869 1641 pro
1925 1563 2115 1640 pena
2172 1534 2459 1614 solidos
2513 1563 2565 1614 v
2622 1536 2818 1614 curie
2876 1553 2949 1614 et
3005 1534 3325 1614 totidem
3379 1563 3516 1641 pro
3575 1534 3891 1614 emenda
3945 1536 4250 1639 quocies
4278 1532 4399 1614 ‚fe-

1202 1697 1385 1774 cerit
1435 1721 1657 1799 passo
1714 1692 2068 1797 dampno,

1187 1949 1414 2115 DE
1468 2029 1833 2112 PORCIS
1889 2028 2128 2109 NON
2182 2016 2695 2109 DUCENDIS
2750 2026 3250 2110 TEMPORE
3304 2026 4071 2110 UINDIMEARUM.

1329 2321 1398 2424 {³525
1428 2311 1492 2438 ἐξ
1522 2376 1682 2431 TEM
1742 2368 2100 2430 statutum
2141 2368 2253 2429 est
2307 2350 2510 2454 quod
2568 2348 2810 2454 aliqua
2864 2376 3181 2454 persona
3235 2376 3391 2428 non
3448 2350 3686 2453 possit
3739 2375 3875 2428 nec
3942 2347 4204 2428 debeat
4259 2348 4399 2428 du-

1203 2535 1366 2588 cere
1422 2507 1714 2612 aliquos
1767 2535 2041 2612 porcos
2097 2526 2435 2612 tempore
2499 2506 3047 2616 uindimearurn
3111 2534 3498 2613 quousque
3563 2509 3780 2586 uinee
3844 2505 4112 2587 fuerint
4166 2506 4397 2586 uindi-

1202 2686 1446 2747 meate
1501 2696 1544 2746 a
1600 2665 1774 2746 uilla
1830 2667 2283 2746 baennarum
2347 2665 2671 2762 inferius.
2749 2694 2887 2748 nec
2961 2694 3002 2746 a
3074 2668 3194 2746 uia
3268 2666 3682 2746 sarmatorii
3764 2666 4086 2746 inferius.
4164 2692 4300 2744 nec
4356 2693 4397 2745 a

1204 2844 1427 2905 strata
1499 2852 1757 2905 uersus
1812 2825 2068 2905 uineas
2123 2844 2354 2905 coste.
2413 2853 2550 2904 nec
2608 2854 2650 2904 a
2704 2825 2825 2904 uia
2883 2844 3370 2929 costemagne
3427 2823 3751 2905 inferius.
3810 2843 3885 2904 et
3948 2826 4074 2931 qui
4141 2843 4398 2904 contra

1197 2982 1452 3063 fecerit
1525 2982 1768 3063 soluat
1839 3009 1976 3089 pro
2058 3010 2247 3087 pena
2319 3010 2473 3089 pro·
2529 2982 2863 3087 quolibet
2918 3001 3215 3087 pastore
3274 2982 3562 3063 solidos
3615 3010 3693 3064 111
3756 2985 4063 3088 quocies
4138 3001 4397 3062 contra

1204 3140 1457 3221 fecerit
1512 3158 1587 3220 et
1643 3139 1997 3245 quelibet·
2026 3167 2340 3245 persona
2404 3141 2643 3247 possit
2700 3140 2873 3220 inde
2929 3168 3268 3220 accusare
3327 3159 3399 3220 et
3456 3143 3524 3222 ei
3579 3142 4000 3221 iuramento
4039 3140 4395 3221 credatur.

1195 3405 1418 3570 DE
1475 3483 1839 3567 PORCIS
1895 3482 2133 3564 NON
2187 3482 2700 3564 DUCENDIS
2755 3480 3091 3565 PROPE
3143 3480 3477 3562 BEALE

1342 3714 1403 3772 τ’.)
1435 3727 1509 3774 ⁴?

1335 3775 1386 3798 ..ι-
1451 3785 1494 3800 -2-

1335 3839 1402 3891 τέκ’
1432 3815 1496 3888 *ks

1523 3827 1681 3880 ‘rEM
1738 3819 2096 3880 statutum
2135 3820 2245 3881 est
2284 3801 2487 3905 quod
2544 3799 2786 3905 aliqua
2822 3828 3138 3905 persona
3184 3828 3342 3880 non
3377 3801 3615 3905 possit
3652 3828 3789 3880 nec
3828 3801 4093 3881 debeat
4130 3800 4397 3881 ducere

1200 3988 1476 4066 porcos
1528 3959 1819 4065 aliquos
1873 3957 2123 4064 aliquo
2178 3979 2518 4063 tempore
2576 3986 2804 4064 prope
2877 3958 3108 4039 beale.
3185 3958 3275 4038 ab
3350 3978 3655 4063 utraque
3724 3977 3926 4064 parte
3983 3957 4213 4039 bealis
4266 3986 4397 4063 per

1201 4147 1429 4198 unam
1484 4138 1781 4198 tornam
1838 4117 1973 4224 (5)
2046 4136 2259 4197 terre.
2334 4135 2407 4196 et
2481 4118 2605 4221 qui
2664 4135 2922 4196 contra
2976 4115 3226 4197 fecerit
3283 4116 3527 4236 soluat
3583 4144 3718 4220 pro
3772 4145 3961 4221 pena
4016 4145 4151 4222 pro
4218 4144 4397 4222 quo-

1200 4277 1379 4357 libet
1435 4295 1728 4381 pastore
1783 4274 1907 4354 uel
1963 4274 2274 4354 custode
2334 4273 2622 4354 solidos
2677 4302 2728 4353 v
2783 4276 3090 4379 quocies
3145 4294 3402 4355 contra
3457 4274 3732 4356 fecerit.
3791 4295 3864 4356 et
3918 4277 4064 4357 hoc
4121 4276 4394 4356 intelli-

1202 4454 1417 4540 gatur
1472 4460 1513 4512 a
1568 4432 1841 4536 brayda
1897 4433 2031 4539 (6)
2086 4431 2663 4537 presbiterorum
2720 4460 2957 4537 supra.
3018 4451 3092 4512 et
3147 4432 3455 4538 quilibet
3509 4434 3748 4538 possit
3816 4461 4153 4514 accusare
4220 4461 4391 4514 cum

1202 4594 1623 4674 iuramento
1664 4618 1826 4671 su0.
1869 4610 1942 4671 et
1981 4591 2047 4671 ei
2087 4590 2443 4670 credatur.
2476 4609 2548 4670 et
2578 4590 2841 4670 habeat
2878 4592 3172 4670 tertiam
3208 4610 3494 4697 partem
3539 4591 3783 4672 banni.
3826 4590 4118 4671 Eodem
4154 4592 4394 4672 modo

1202 4751 1596 4830 familiares
1653 4750 2042 4854 potestatis
2098 4748 2427 4853 posssint
2481 4728 2820 4828 aceusare
2860 4767 2935 4828 et
2991 4750 3098 4829 eis
3154 4767 3228 4829 et
3283 4748 3581 4828 cuilibet
3641 4751 3974 4854 ipsorum
4032 4749 4389 4830 credatur.

1198 5039 1424 5205 DE
1478 5116 2053 5198 EXTRANEO
2110 5116 2591 5197 INUENTO
2649 5117 2760 5196 IN
2815 5116 3243 5197 BOSCHIS
3300 5117 3774 5199 COMUNIS

1343 5340 1490 5507 ζῐῚ

1363 5471 1408 5521 ᾛ
1438 5467 1460 5500 »⁸⁰

1340 5471 1348 5517 1
1443 5463 1676 5526 ‚Eg-EM
1731 5455 2089 5516 statutum
2129 5453 2242 5516 est
2280 5435 2484 5540 quod
2541 5435 2866 5540 quelibet
2920 5463 3237 5541 persona
3294 5456 3636 5516 extranea
3692 5437 3990 5517 inuenta
4029 5437 4151 5518 uel
4195 5439 4393 5518 uissa

1197 5596 1277 5677 in
1332 5593 1582 5699 aliquo
1642 5594 1925 5675 boscho
1983 5596 2327 5674 comunis
2364 5597 2840 5675 baennarum.
2880 5594 3000 5675 uel
3041 5595 3463 5676 hominum.
3524 5622 3651 5675 seu
3707 5594 4015 5677 alicuius
4060 5597 4392 5677 hominis
