5117 6834
2375 211 2469 278 VI

811 520 886 619 f·
961 576 1204 622 xxxva.
1277 507 1427 669 De
1474 558 1606 623 rixa
1653 575 1791 626 orta
1837 559 2002 624 inter
2047 559 2318 624 nuncios
2365 557 2616 625 domini
2662 561 2944 648 episcopi
2990 577 3052 627 et
3098 559 3405 650 homines·
3444 562 3857 631 baennarum.

807 763 882 863 f.
943 821 1202 868 xxxvm.
1277 723 1427 914 -Dj
1474 800 1672 869 bestia
1716 823 1937 889 grossa
1983 801 2215 869 furtiue
2265 824 2464 890 capta.

1278 995 1427 1159 De
1473 1045 1986 1133 percussionibus
2034 1045 2212 1113 factis
2258 1046 2336 1113 de
2382 1065 2572 1114 nocte
2635 1046 3037 1116 clandestine.

1276 1239 1427 1404 -D-e
1474 1288 1996 1357 maledicentibus
2043 1290 2121 1358 de
2167 1291 2291 1358 deo
2323 1309 2386 1359 et
2416 1310 2629 1381 sancta
2678 1295 2898 1360 maria.
2950 1276 2956 1282 ’

693 1525 698 1532 ’
804 1499 879 1599 f·
925 1554 1205 1602 xxxvnn.
1276 1483 1427 1647 De
1475 1556 1603 1602 non
1652 1534 1947 1602 intrando
1995 1512 2294 1601 alienum.
2323 1534 2555 1620 ayrale.

804 1742 879 1840 f.
1045 1797 1195 1845 L1111.
1276 1726 1426 1892 ..Β-ε
1474 1776 1621 1861 igne
1667 1795 1802 1840 non
1847 1776 2145 1861 ponendo
2193 1777 2260 1840 in
2308 1775 2587 1845 boschis,

802 1986 879 2085 f·
921 2061 922 2064 =
1059 2042 1199 2089 Lxx.
1276 1969 1428 2135 Ee
1473 2019 1653 2087 fiartis
1698 2041 1832 2087 non
1880 2017 2250 2086 recetandiS.

803 2230 879 2329 f·
1072 2285 1198 2332 xm.
1273 2195 1464 2359 (De
1509 2267 1687 2351 penis
1734 2282 1797 2331 et
1843 2264 2064 2331 bannis
2111 2264 2433 2332 soluendis
2481 2290 2516 2333 a
2570 2269 2859 2355 personis
2891 2266 3095 2336 ductis
3141 2272 3209 2336 in
3256 2288 3534 2340 castrum
3579 2273 3754 2339 iussu
3800 2281 3981 2362 pote-

1522 2407 1699 2472 statis
1747 2428 1867 2492 que
1923 2405 2068 2472 inde
2126 2370 2428 2533 exirent).

1274 2557 1475 2726 (De
1521 2653 1790 2720 persona
1837 2654 1960 2720 que
2007 2631 2341 2700 uiolauerit
2388 2633 2663 2722 aliquam
2722 2563 3092 2732 feminam),

804 2968 1140 3070 Collatio
1195 3008 1443 3079 quarta
1484 3004 1560 3064 in
1615 3018 1755 3077 qua
1805 3003 2196 3078 continetur
2249 3004 2334 3066 de
2391 3003 2716 3064 omnibus
2778 3001 3201 3064 macellariis
3264 3001 3797 3082 retaglatoribus
3857 2997 3994 3064 fer-

796 3145 1000 3206 rariis
1043 3144 1366 3206 fornax-iis
1411 3142 1825 3205 tabernariis
1871 3148 1939 3203 et
1987 3142 2313 3204 omnibus
2358 3143 2777 3204 comunibus
2820 3143 3005 3203 intra
3051 3146 3313 3203 terram
3356 3146 3423 3202 et
3471 3142 3795 3204 omnibus
3839 3158 3996 3242 per-

795 3284 1174 3346 tinentibus
1219 3284 1310 3345 ad
1367 3283 1803 3359 supradictas
1859 3298 1974 3343 res
2024 3287 2101 3343 ut
2146 3281 2327 3343 infra
2379 3281 2769 3344 continetur
2823 3285 2891 3342 et
2944 3243 3465 3344 molandinibus
3522 3285 3591 3342 et
3648 3280 3994 3356 pertinen-

798 3426 985 3486 tibus
1031 3426 1122 3486 ad
1168 3439 1409 3485 omnes
1455 3423 1955 3484 comunancias
2000 3422 2178 3483 inter
2224 3426 2487 3482 terram
2540 3424 2997 3483 baennarum.

795 3691 870 3789 f.
1077 3746 1186 3793 1111.
1269 3670 1418 3839 Ee
1472 3741 1675 3808 grano
1721 3718 1971 3809 perdito
2019 3718 2099 3786 ad
2143 3717 2611 3786 molandinum.

793 3935 868 4033 f.
1122 3990 1184 4034 v.
1267 3915 1421 4084 Pe
1468 3966 1665 4052 paleis
1713 3985 1848 4031 non
1907 3962 2196 4031 tenendis
2241 3965 2306 4030 in
2354 3962 2526 4048 uilla,

792 4182 867 4280 f.
1104 4236 1189 4283 w.
1266 4157 1423 4330 ..Β-ε
1467 4230 1602 4275 non
1646 4204 1924 4297 petendo
1969 4205 2214 4274 donum
2259 4207 2330 4273 in
2375 4206 2660 4273 ecclesia.

1270 4401 1547 4571 Quod
1591 4451 1816 4542 aliquis
1862 4474 1996 4521 non
2043 4471 2239 4541 ponat
2283 4451 2515 4520 bestias
2562 4423 2903 4519 morbosas*
2944 4453 3081 4519 siue
3125 4469 3410 4558 mortuas
3457 4455 3522 4521 in
3568 4453 3737 4521 uilla.

1270 4644 1544 4814 Quod
1590 4698 1694 4765 uia
1738 4713 2025 4765 teneatur
2069 4714 2282 4785 aperta
2329 4698 2501 4764 iuxta
2548 4718 2807 4763 murum
2854 4718 3121 4764 nouum.

1268 4892 1419 5017 De
1465 4940 1847 5031 patientibus
1892 4941 2317 5030 egritudinem
2363 4941 2528 5011 beati
2575 4942 2779 5010 lazari.

1260 5136 1422 5293 De
1469 5186 1746 5253 fornace.

789 5392 864 5492 f·
1121 5448 1183 5490 x-
1267 5377 1544 5553 Quod
1589 5430 1878 5506 hedificia
1927 5429 2087 5498 facta
2134 5453 2324 5519 super
2370 5433 2636 5500 comuni
2688 5433 3097 5519 eope-riantur
3141 5432 3319 5519 cupis
3366 5430 3469 5498 uel
3515 5430 3851 5499 scandolis.
