5117 6834
350 4796 505 4854 220

2261 322 2341 428 L

288 688 370 793 '2
385 739 417 795 1
431 740 476 818 9
711 645 937 814 DE
991 722 1472 864 eERsouA
1523 723 2337 811 CONDEMPNATA
2391 722 2705 826 Quon
2758 722 3119 809 Possrr
3170 721 3783 809 APPELLARE.

843 940 1199 1147 Qum
1255 1047 1614 1109 statutum
1653 1046 1767 1109 est
1804 1027 2012 1133 quod
2068 1026 2394 1132 quelibet
2431 1054 2749 1133 persona
2786 1055 2929 1133 que
2968 1028 3511 1134 condempnata
3548 1028 3764 1110 fuerit
3810 1029 3903 1110 de

727 1186 979 1292 aliquo
1035 1187 1285 1267 banno
1349 1187 1586 1291 possit
1650 1184 2012 1291 appellare
2069 1186 2242 1266 inde
2306 1186 2927 1291 quandocumque
2989 1185 3332 1267 uoluerit.
3394 1186 3576 1267 infra
3641 1187 3903 1268 decem

726 1346 887 1426 dies
941 1363 1115 1450 post
1169 1343 1935 1449 condempnationem
1972 1342 2241 1424 factam
2299 1345 2457 1425 sine
2515 1344 2800 1449 scriptis
2857 1363 2930 1425 et
2985 1344 3186 1449 quod
3224 1344 3618 1450 appellatio
3665 1344 3904 1426 taliter

727 1501 912 1584 facta
968 1521 1043 1582 et
1098 1503 1258 1582 sine
1314 1471 1601 1606 scriptis
1654 1501 1896 1582 ualeat
1951 1520 2025 1582 et
2078 1520 2327 1582 teneat
2382 1519 2454 1581 et
2508 1529 2645 1606 pro
2702 1500 3038 1606 legitime
3094 1501 3281 1583 facta
3335 1502 3709 1583 habeatur.
3750 1529 3904 1583 non

728 1664 1072 1742 obstante
1127 1659 1370 1765 aliqua
1426 1659 1949 1765 solempnitate
2005 1659 2203 1739 iuris,
2262 1660 2356 1739 Et
2412 1659 2614 1765 quod
2672 1659 2985 1779 sufficiat
3066 1659 3366 1741 cuilibet
3419 1687 3735 1766 persone
3790 1689 3909 1767 ap-

728 1817 1029 1923 pellanti
1084 1822 1319 1901 lacere
1376 1819 1591 1900 scribi
1648 1819 1851 1898 iuxta
1905 1817 2666 1923 condempnationem
2720 1818 2797 1899 in
2871 1816 3060 1924 libro
3142 1818 3911 1924 condempnationum

727 1976 1143 2082 appellauit.
1201 1976 1338 2083 (1)
1391 1975 1576 2056 dum
1631 1975 1804 2056 inde
1859 1994 2037 2055 tunc
2091 1976 2453 2080 temporis
2533 1975 2783 2056 datam
2866 1974 3111 2056 soluat
3165 1995 3239 2057 et
3293 1975 3460 2057 talis
3513 1975 3908 2082 appellatio

726 2134 941 2216 firma
997 2136 1091 2215 sit
1146 2152 1218 2214 et
1273 2161 1409 2240 pro
1465 2132 1802 2239 legitime
1857 2132 2045 2213 facta
2097 2135 2447 2214 habeatur
2486 2151 2560 2213 et
2598 2133 2931 2214 notarius
2968 2134 3164 2214 curie
3187 2129 3536 2215 'teneatur
3595 2134 3908 2215 scribere

656 2351 659 2354 n
729 2292 1308 2399 appellationem
1363 2292 1604 2373 taliter
1658 2290 1927 2372 factam
1982 2320 2024 2371 a
2081 2290 2341 2373 solidis
2421 2318 2521 2372 xx
2607 2291 2789 2371 inira
2866 2320 3002 2397 pro
3058 2293 3377 2373 denariis
3429 2320 3480 2374 11
3536 2320 3672 2398 pro
3738 2321 3912 2374 con-

731 2450 1286 2570 dempnatione.
1333 2470 1456 2570 ‘ets
1489 2449 1926 2570 deqsolidiss
1975 2479 2102 2568 xx·
2141 2477 2355 2565 supra
2424 2477 2570 2555 pro
2614 2450 2969 2560 ‘denariis
3024 2477 3128 2533 1111
3201 2469 3274 2532 et
3338 2479 3380 2556 a
3444 2450 3633 2556 libraw
3698 2476 3909 2558 supra

728 2638 865 2715 pro
930 2610 1248 2691 denariis
1310 2636 1411 2690 VI.
1470 2627 1545 2690 et
1601 2611 1662 2690 si
1717 2636 1860 2714 qua
1922 2636 2240 2725 persona
2271 2609 2397 2724 §de
2462 2609 2703 2721 aliqua
2776 2608 3267 2721 appellatione
3347 2610 3669 2715 precepit
3751 2610 3911 2691 fieri

692 2845 695 2849 ,
730 2768 1108 2874 publicum
1166 2770 1745 2849 instrumentum
1801 2766 2068 2848 habere
2107 2766 2372 2847 debeat
2408 2768 2742 2847 notarius
2779 2767 2871 2847 de
2909 2768 3365 2849 abreuiatura
3419 2768 3596 2848 dicti
3653 2770 3916 2864 instru-

736 2927 967 3007 menti
1024 2926 1118 3007 de
1175 2926 1436 3008 solidis
1489 2953 1593 3007 xx
1649 2925 1769 3007 uel
1823 2924 2007 3006 infra
2062 2925 2406 3006 denarios
2459 2953 2586 3007 1111.
2648 2945 2721 3006 et
2776 2927 2838 3006 si
2894 2926 3088 3007 dicta
3123 2953 3438 3032 persona
3474 2926 3725 3030 fecerit
3760 2927 3916 3008 red-

734 3085 893 3189 digi
950 3104 1024 3165 et
1079 3085 1296 3166 scribi
1352 3086 1430 3166 in
1485 3104 1680 3165 carta
1736 3084 2020 3165 dictum
2076 3085 2653 3165 instrumentum
2709 3084 3053 3165 denarios
3105 3113 3182 3166 VI
3216 3085 3304 3166 'et
3354 3086 3398 3125 ³⁶
3451 3113 3587 3190 pro
3645 3086 3917 3167 instru-

740 3262 1004 3324 mento
1059 3240 1256 3324 facto
1308 3243 1352 3282 ³⁶
1386 3243 1543 3350 (2)
1598 3270 1640 3322 a
1698 3241 1959 3324 solidis
2012 3269 2119 3324 xx
2177 3269 2389 3348 supra
2456 3269 2688 3347 usque
2760 3244 2838 3322 in
2902 3241 3121 3323 libras
3191 3270 3244 3324 x
3318 3243 3661 3325 denarios
3713 3272 3791 3325 vl
3845 3264 3920 3325 et

737 3429 876 3507 pro
932 3404 1430 3482 instrumento
1485 3401 1682 3482 facto
1740 3402 1816 3481 in
1872 3420 2077 3513 carta
2133 3400 2459 3482 solidum
2513 3429 2539 3482 1
2596 3420 2670 3482 et
2723 3429 2765 3481 a
2820 3400 3022 3482 libris
3075 3430 3124 3481 x
3181 3428 3393 3507 supra
3475 3403 3743 3483 habere
3799 3402 3922 3484 de-

737 3560 903 3641 beat
959 3559 1052 3640 de
1108 3560 1629 3641 imbreuiatura
1695 3559 2022 3640 solidum
2078 3587 2102 3639 1
2184 3578 2257 3639 et
2312 3587 2447 3664 pro
2505 3561 3002 3640 instrumento
3067 3558 3261 3640 facto
3328 3559 3614 3642 solidos
3678 3589 3751 3642 11.
3826 3562 3921 3642 Et

737 3718 942 3824 quod
1000 3719 1195 3799 dicta
1252 3720 1742 3800 instrumenta
1797 3746 1954 3798 non
2008 3719 2297 3824 possint
2353 3720 2429 3797 in
2485 3699 2680 3798 carta
2717 3720 2859 3798 nisi
2896 3719 2988 3798 ad
3028 3720 3453 3799 instantiam
3490 3717 3925 3824 appellantis
3978 3767 3981 3770 ·

738 3895 933 3965 (poni).
970 3894 1056 3965 (3)
1092 3895 1386 3950 Addictum
1422 3906 1503 3949 est
1537 3877 1601 3949 in.
1630 3895 1775 3948 dicto
1812 3893 2042 3965 capitulo
2077 3894 2219 3966 quod
2257 3894 2549 3965 appellator
2585 3906 2868 3965 antequam
2906 3894 3146 3948 audiatur
3168 3895 3357 3949 debeat
3379 3895 3609 3949 solidum
3634 3912 3800 3948 unum
3826 3912 3921 3965 pro

739 4055 872 4109 libra
906 4055 973 4108 de
1008 4070 1113 4125 qua
1149 4054 1304 4109 fuerit
1340 4055 1726 4109 condemnatus
1761 4053 1916 4107 aliter
1950 4070 2060 4107 non
2111 4053 2300 4108 ualeat.
2353 4064 2407 4107 et
2431 4061 2699 4107 teneatur
2751 4051 3016 4124 appellare
3062 4069 3242 4107 coram
3294 4053 3518 4108 domino
3556 4064 3818 4123 potestate
3865 4064 3921 4107 et

741 4212 1157 4284 appellationem
1192 4212 1439 4284 prosequi
1474 4212 1610 4266 infra
1647 4211 1994 4283 quadraginta
2031 4211 2144 4266 dies
2181 4214 2461 4266 continuos
2497 4211 2521 4262 9
2557 4211 2712 4265 aliter
2748 4222 2979 4282 potestas
3032 4227 3143 4265 non
3191 4222 3433 4265 teneatur
3470 4211 3718 4282 cognosci
3753 4209 3924 4265 facere

741 4372 912 4442 ipsam
948 4372 1364 4443 appellationem
1400 4371 1493 4427 sed
1530 4371 1852 4426 sententiam
1889 4387 2040 4425 suam
2077 4370 2279 4442 exequi.
2317 4370 2404 4441 (4)

701 4897 711 4906 .
739 4695 896 4866 D
900 4776 967 4861 E
1016 4768 1744 4861 INCIDENTIBUS
1775 4765 2251 4856 ARBORES
2283 4761 2947 4854 DOMESTICAS
2996 4759 3200 4859 UEL
3233 4754 3924 4846 SALUASTICAS

1047 4924 1514 5021 ALIENAS.

887 5206 948 5340 ἔτή
981 5222 1044 5342 με,
1065 5275 1221 5329 TEM
1279 5267 1636 5329 statutum
1695 5267 1807 5327 est
1862 5244 2182 5350 quodsi
2240 5245 2481 5348 aliqua
2549 5270 2867 5349 persona
2940 5244 3277 5349 inciderit
3330 5242 3449 5324 uel
3514 5243 3929 5325 boscauerit

747 5406 864 5487 uel
923 5405 1358 5487 scaluauerit
1412 5405 1735 5510 aliquam
1789 5405 2132 5484 arborem
2171 5402 2305 5509 (5)
2345 5401 2840 5483 domesticam
2877 5399 3195 5481 alienam
3253 5401 3495 5482 soluat
3548 5429 3684 5506 pro
3741 5429 3930 5507 pena

747 5591 884 5668 pro
942 5564 1267 5668 qualibet
1323 5566 1582 5643 arbore
1641 5561 1931 5642 solidos
1985 5588 2088 5641 xx
2144 5563 2340 5640 curie
2398 5579 2472 5639 et
2527 5559 2850 5639 totidem
2905 5585 3040 5663 pro
3098 5558 3413 5638 emenda
3450 5586 3671 5665 passo
3728 5560 3933 5640 dam-
