5117 6834
778 771 917 850 115

780 2904 924 2981 116

1163 679 1566 886 QOD
1626 758 2117 840 CAMPARII
2171 756 2813 839 TENEANTUR
2864 756 3029 838 IRE
3083 754 3227 836 AD
3300 753 3676 838 EORUM
3731 753 4338 836 CAMPARIAS.

1310 991 1395 1036 „ss

1298 1022 1366 1159 Ξ
1395 1042 1459 1151 ’ξπ
1488 1089 1644 1143 TEM
1701 1081 2059 1143 statutum
2125 1081 2236 1142 est
2310 1062 2512 1167 quod
2580 1061 2886 1167 quilibet
2941 1065 3065 1167 qui
3124 1062 3336 1143 fuerit
3403 1063 3681 1144 electus
3734 1063 3852 1144 uel
3911 1067 4360 1146 constitutus

1168 1223 1579 1326 camparius
1634 1223 1981 1302 comunis
2036 1221 2488 1301 baennarum
2546 1247 2675 1301 seu
2733 1222 3077 1301 iurauerit
3132 1221 3454 1325 aliquam
3511 1223 3958 1327 campariam
4014 1226 4362 1303 comunis

1168 1384 1645 1462 baennarum.
1704 1400 2040 1461 teneatur
2097 1400 2169 1460 et
2226 1379 2490 1462 debeat
2545 1379 2758 1459 omni
2814 1380 2935 1459 die
2993 1381 3095 1459 ire
3152 1382 3505 1460 continue
3561 1380 3653 1460 ad
3712 1380 3989 1460 dictam
4073 1409 4362 1486 campa-

1168 1540 1356 1618 riam
1414 1539 1908 1620 exercendam
1963 1557 2135 1618 toto
2191 1558 2533 1643 tempore
2591 1565 2744 1642 quo
2799 1537 3133 1618 debuerit
3172 1565 3332 1619 esse
3371 1539 3782 1643 camparius
3838 1540 3971 1620 sub
4026 1568 4216 1645 pena
4247 1570 4364 1623 so·

1170 1696 1494 1778 lidorum
1551 1725 1627 1777 111
1685 1724 1822 1801 pro
1879 1695 2213 1801 quolibet
2268 1696 2838 1778 contrafaciente
2896 1716 2970 1777 et
3023 1696 3357 1801 quolibet
3412 1697 3555 1777 die.
3613 1699 3708 1777 Et
3745 1698 3948 1803 quod
3986 1698 4234 1780 nullus
4272 1728 4363 1780 ex

1169 1856 1386 1936 dictis
1442 1856 1831 1961 campariis
1888 1855 2173 1935 laboret
2227 1854 2345 1934 uel
2404 1855 2734 1935 laborare
2771 1856 3009 1959 possit
3046 1854 3322 1960 aliquid
3362 1855 3452 1935 ad
3495 1883 3713 1936 suum
3750 1885 3941 1961 opus
3978 1860 4361 1964 proprium

1168 2041 1306 2095 nec
1343 2013 1669 2094 alienum
1710 2041 1923 2118 opus.
1965 2015 2109 2093 nisi
2146 2032 2438 2093 tantum
2492 2014 2769 2093 dictam
2817 2014 3262 2118 carnpariam
3302 2041 3640 2094 exercere
3680 2015 3815 2095 sub
3846 2015 4110 2095 eadem
4146 2044 4360 2121 pena.

1171 2190 1245 2252 et
1299 2157 1630 2275 quilibet'
1659 2172 1898 2250 homo
1955 2171 2153 2251 bone
2208 2169 2403 2251 fame
2457 2170 2697 2277 possit
2769 2198 3107 2251 accusare
3192 2170 3869 2254 contrafacientem.
3929 2193 4001 2253 et
4058 2175 4126 2253 ei
4182 2176 4366 2254 iura-

1169 2347 1431 2409 mento
1488 2328 1822 2409 credatur
1878 2348 1950 2408 et
2006 2330 2271 2409 habeat
2325 2330 2619 2409 tertiam
2676 2350 2959 2435 partem
3019 2329 3262 2411 banni.
3304 2350 3376 2411 et
3406 2329 3609 2435 quod
3649 2330 3896 2411 nullus
3951 2333 4364 2437 camparius

1168 2487 1405 2592 possit
1462 2486 1768 2567 durante
1823 2488 2060 2591 prime
2116 2488 2480 2592 camparie
2535 2488 2804 2568 habere
2862 2487 3199 2568 officium
3254 2487 3563 2569 alicuius
3616 2487 3915 2570 alterius
3970 2492 4360 2595 camparie.

1108 2915 1119 2925 ’
1167 2833 1389 2999 DE
1442 2912 1682 2994 NON
1735 2911 2103 2993 EUNDO
2158 2911 2346 2993 PER
2407 2910 2879 2993 ALIENUM
2950 2910 3383 2992 PRATUM
3446 2909 3878 2994 TERRAM
3945 2910 4351 2992 UINEAM

1482 3071 1679 3152 UEL
1733 3070 2246 3151 AUTINUM.
2314 3067 2448 3174 (3)

1304 3316 1641 3472 §iffi-rm
1714 3401 2074 3463 statutum
2132 3401 2245 3462 est
2298 3381 2501 3487 quod
2571 3382 2813 3486 aliqua
2866 3409 3185 3487 persona
3238 3410 3394 3463 non
3451 3385 3690 3488 possit
3742 3411 3880 3463 nec
3936 3383 4202 3464 debeat
4258 3385 4360 3465 ire

1165 3568 1302 3621 nec
1355 3531 1557 3620 uiam
1611 3539 1846 3622 facere
1903 3567 2075 3620 cum
2132 3568 2338 3620 carro
2394 3566 2727 3620 carrusso
2784 3539 2919 3647 (4)
2974 3538 3162 3620 lezia
3202 3540 3334 3647 (5)
3393 3542 3548 3620 siue
3594 3541 3827 3646 plouo
3882 3569 4010 3646 per
4065 3561 4359 3647 pratum

1165 3701 1321 3779 siue
1377 3726 1504 3804 per
1559 3717 1830 3778 terram
1901 3698 2228 3778 alienum
2282 3698 2403 3778 uel
2458 3698 2776 3778 alienam
2822 3698 3340 3784 ,imbrauatam
3395 3699 3530 3806 (6)
3588 3700 3649 3779 si
3711 3701 3986 3805 poterit
4066 3702 4169 3781 ire
4233 3729 4362 3806 per

1162 3857 1394 3938 alium
1449 3857 1701 3949 locum
1758 3857 1874 3937 uel
1931 3859 2134 3936 uiam
2200 3883 2630 3937 comunem.
2718 3875 2791 3936 et
2865 3857 3007 3936 nisi
3072 3858 3373 3936 haberet
3437 3858 3552 3937 ius
3616 3876 3689 3937 et
3742 3858 3945 3937 uiam
4010 3857 4232 3938 eundi
4290 3878 4366 3939 et

1162 4015 1517 4097 redeundi
1573 4044 1701 4121 per
1755 4016 2038 4096 dictum
2095 4034 2388 4120 pratum
2444 4016 2600 4094 siue
2658 4034 2951 4096 terram.
3010 4017 3106 4095 Et
3159 4018 3283 4119 qui
3341 4013 3850 4095 contrafecerit
3925 4016 4168 4096 soluat
4222 4045 4359 4123 pro

1163 4201 1351 4279 pena
1407 4175 1716 4279 quocies
1771 4173 2024 4254 fecerit
2081 4173 2370 4254 solidos
2449 4200 2499 4253 11
2583 4174 2781 4252 curie
2856 4191 2930 4252 et
3012 4172 3301 4253 solidos
3383 4201 3433 4253 11
3514 4200 3651 4278 pro
3708 4172 4023 4253 emenda
4080 4174 4186 4254 illi
4244 4141 4362 4256 cui

1161 4335 1574 4437 dampnum’
1628 4330 1865 4411 fuerit.
1926 4350 1999 4411 et
2055 4329 2363 4436 quilibet
2414 4331 2656 4436 possit
2710 4357 3073 4410 accusare.
3163 4350 3235 4410 et
3319 4332 3738 4411 iuramento
3822 4331 4156 4412 credatur
4247 4361 4362 4412 ac-

1166 4490 1530 4571 cusationi
1588 4517 1741 4569 sue.
1799 4491 1894 4569 Et
1948 4489 2149 4594 quod
2208 4489 2533 4594 quelibet
2614 4515 2931 4593 persona
2995 4516 3139 4595 que
3195 4488 3410 4569 iuerit
3466 4516 3597 4569 seu
3668 4490 3870 4569 uiam
3925 4489 4178 4571 fecerit
4229 4519 4359 4597 per

1163 4647 1484 4728 alienam
1540 4648 1839 4727 uineam
1896 4675 2024 4728 seu
2080 4647 2418 4727 autinum
2475 4646 2721 4728 soluat
2774 4673 2910 4752 pro
2965 4674 3153 4751 pena
3211 4666 3284 4727 et
3339 4647 3589 4727 banno
3648 4646 3935 4729 solidos
3988 4676 4088 4730 111.
4133 4669 4206 4730 et
4244 4669 4359 4730 to-

1160 4807 1397 4887 tidem
1453 4834 1589 4911 pro
1648 4806 1966 4887 emenda
2021 4805 2167 4887 illis
2223 4807 2431 4886 cuius
2484 4804 2701 4886 fuerit
2756 4805 3189 4910 dampnum.
3265 4807 3408 4886 nisi
3463 4808 3767 4887 haberet
3821 4806 3935 4886 ius
3992 4808 4215 4887 eundi
4269 4826 4353 4886 ut

1162 4992 1377 5071 supra
1431 4966 1715 5046 dictum
1774 4983 1906 5045 est.
1967 4984 2039 5045 et
2095 4963 2422 5070 quelibet
2456 4991 2776 5069 persona
2810 4964 3049 5069 possit
3086 4963 3258 5044 inde
3297 4991 3660 5044 accusare.
3701 4983 3783 5044 ut
3822 4991 4035 5069 supra
4072 4965 4357 5045 dictum

1164 5145 1299 5207 est.
1357 5144 1431 5205 et
1485 5143 1816 5230 potestas
1869 5124 2106 5228 possit
2144 5123 2317 5204 inde
2356 5124 2747 5227 inquirere.
2806 5161 2860 5204 et
2895 5150 2941 5204 si
2978 5149 3132 5204 fuerit
3168 5149 3335 5204 bestia
3371 5149 3633 5204 cauallina
3656 5149 3830 5204 soluat
3867 5166 3961 5219 pro
3997 5150 4228 5220 qualibet
4265 5152 4361 5205 be-

1161 5313 1262 5366 stia
1297 5313 1516 5366 inuenta
1554 5311 1610 5365 in
1647 5323 1798 5382 prato
1835 5312 2068 5367 solidum
2104 5328 2123 5366 1
2161 5324 2216 5366 et
2251 5311 2477 5365 totidem
2515 5327 2613 5381 pro
2655 5311 2883 5364 emenda
2918 5321 2971 5364 et
3007 5311 3062 5363 in
3100 5310 3360 5365 messibus
3396 5309 3598 5364 solidos
3634 5324 3693 5363 11.
3731 5310 3819 5379 (7)
