5117 6834
401 2892 556 2973 250

2211 251 2544 353 LVIII

801 576 832 691 ''3:—
1099 595 1208 664 ec
1282 581 1501 663 sunt
1577 557 1975 697 capitula
2049 585 2139 665 et
2215 560 2874 665 ordinamenta
2947 560 3183 664 lacta
3256 586 3346 665 et
3431 559 4000 666 confirmata

810 724 827 782 ’²
879 710 1041 823 ''i-*f-
1095 770 1263 874 per
1338 735 1799 874 sapientes
1873 734 1990 839 ad
2065 736 2252 840 hoc
2325 732 2676 840 electos
2724 759 3163 874 tempore
3228 736 3597 840 domini
3653 736 3996 841 andree

806 925 1124 1031 vaschi
1195 929 1683 1065 potestatis
1755 926 2342 1031 baennarum
2419 950 2510 1032 et
2584 927 3112 1033 additiones
3188 930 3286 1033 in
3346 927 3768 1067 capitulis
3843 930 3997 1035 ad-

806 1119 1164 1224 dendis,
1244 1144 1335 1224 et
1421 1118 1848 1225 addende
1942 1144 2032 1225 et
2144 1119 2712 1225 confirmate
2820 1158 2985 1259 per
3067 1123 3526 1226 vicarium
3620 1122 3992 1230 domini

809 1316 1278 1453 Episcopi.
1359 1311 1649 1418 silicet
1723 1314 2241 1419 dominum
2318 1314 2813 1420 oddonem
2891 1314 3010 1419 de
3079 1317 3437 1454 riparia.
3519 1313 3807 1420 silicet
3856 1319 3996 1420 Ia-

805 1504 1165 1611 cobum
1238 1506 1807 1612 barberium.
1873 1506 2231 1612 sulfum
2300 1510 2861 1613 cortexium.
2943 1508 3480 1612 Iohannem
3570 1545 3993 1613 manese-

804 1720 1046 1803 tum.
1142 1700 1642 1805 henricum
1716 1698 2246 1805 carnaliam.
2346 1702 2845 1805 henricum
2922 1738 3337 1805 moram.
3427 1699 3990 1806 franciscum

801 1891 1456 2031 gaudentium.
1557 1892 2143 1998 ardicionem
2217 1892 2336 1998 de
2409 1916 3050 2032 costamagna.
3167 1895 3705 1999 Iohannem
3782 1933 3992 2000 mo-

799 2121 1172 2189 ranum.
1289 2109 1380 2189 et
1490 2083 2043 2190 villermum
2152 2109 2544 2224 spatam.
2662 2088 2755 2189 in
2848 2123 3103 2190 anno
3215 2086 3584 2190 domini
3694 2085 3990 2193 mille-

802 2280 1056 2382 simo
1130 2277 1670 2383 CCCVIII
1743 2278 2216 2382 indicione
2288 2300 2574 2384 sexta.

778 2771 1001 2940 DE
1048 2855 1284 2936 NoN
1325 2807 2001 2942 ‚LABoRANDo
2056 2855 2167 2935 IN
2220 2855 2585 2936 Dffissus
2640 2842 3104 2939 FESTIUIS.

904 3071 1272 3273 ffirssm
1329 3211 1684 3272 statutum
1761 3209 1872 3271 est
1937 3191 2142 3296 quod
2198 3190 2440 3296 aliqua
2496 3217 2813 3296 persona
2870 3218 3027 3270 non
3083 3192 3319 3296 possit
3373 3219 3511 3271 nec
3567 3193 3832 3272 debeat
3887 3192 3984 3273 la-

797 3351 1057 3431 borare
1113 3378 1252 3431 nec
1308 3350 1621 3431 laborari
1681 3348 1915 3430 facere
1998 3351 2074 3429 in
2146 3348 2408 3429 diebus
2490 3349 2776 3430 festivis
2830 3349 3234 3467 dominice.
3312 3369 3560 3430 sancte
3623 3351 3852 3430 marie
3910 3372 3983 3431 et

795 3510 1138 3590 omnium
1199 3509 1589 3590 beatorum
1645 3507 2164 3613 apostolorum
2218 3534 2347 3588 xn.
2425 3509 2517 3587 Et
2591 3534 2910 3612 persona
2968 3534 3110 3613 que
3171 3507 3679 3587 contrafecerit
3736 3509 3981 3589 soluat

792 3695 930 3775 pro
983 3695 1174 3774 pena
1231 3687 1306 3774 et
1361 3667 1610 3747 banno
1668 3668 1729 3746 si
1785 3665 2226 3746 laborauerit
2264 3665 2385 3746 uel
2422 3665 2735 3746 laborari
2773 3666 3026 3746 iecerit
3063 3693 3234 3745 cum
3274 3665 3515 3746 bobus
3552 3665 3840 3747 solidos
3876 3695 3975 3748 111.

793 3847 867 3907 et
924 3828 1082 3907 sine
1139 3825 1381 3906 bobus
1437 3824 1763 3905 solidum
1803 3851 1825 3904 1
1861 3851 1999 3929 pro
2036 3824 2360 3929 qualibet
2415 3851 2732 3929 persona
2789 3843 2862 3903 et
2917 3823 3241 3929 qualibet
3279 3824 3463 3903 uice.
3524 3845 3598 3904 et
3653 3825 3977 3931 quelibet

791 4010 1109 4090 persona
1163 3984 1403 4088 possit
1460 3983 1631 4062 inde
1686 4008 2050 4062 accusare.
2111 4001 2184 4060 et
2238 4000 2394 4061 tam
2450 3978 2830 4061 familiaris
2899 3981 3293 4086 potestatis
3347 4007 3571 4086 quam
3626 3981 3766 4062 alia
3805 4009 3977 4086 que-

790 4168 1108 4247 cumque
1163 4168 1501 4246 persona.
1544 4158 1617 4219 et
1654 4140 1762 4219 eis
1799 4160 1873 4219 et
1909 4138 2207 4219 cuilibet
2261 4139 2595 4244 ipsorum
2642 4137 2976 4218 credatur
3030 4140 3470 4219 iuramento.
3530 4157 3604 4219 et
3657 4139 3974 4220 habeant

791 4304 1084 4383 tertiam
1140 4319 1426 4405 partem
1483 4299 1728 4378 banni.
1787 4298 1901 4379 Eo
1957 4295 2166 4379 saluo
2224 4296 2426 4403 quod
2483 4297 2810 4402 quelibet
2865 4324 3183 4402 persona
3238 4298 3394 4394 siue
3447 4324 3765 4402 persone
3813 4299 3971 4378 sine

791 4487 979 4565 pena
1037 4476 1112 4539 et
1168 4461 1416 4537 banno
1470 4457 1710 4562 possit
1765 4483 1938 4536 cum
1993 4454 2234 4554 bobus
2289 4474 2362 4535 et
2418 4456 2683 4534 ceteris
2721 4454 2978 4535 bestiis
3017 4453 3283 4535 ducere
3319 4473 3613 4561 portare
3652 4483 3970 4561 granum

790 4618 880 4698 ab
937 4616 1305 4722 ayralibus
1362 4634 1435 4695 et
1490 4615 1847 4695 mundare
1904 4641 2221 4718 granum
2276 4631 2350 4693 et
2406 4632 2702 4694 neteare
2787 4612 3080 4716 aylaria.
3141 4611 3479 4693 stendere
3554 4640 3838 4694 messes
3892 4634 3970 4694 et

789 4776 1025 4856 blada.
1069 4796 1142 4856 et
1179 4775 1321 4855 alia
1376 4773 1851 4855 neccessaria.
1910 4791 1984 4852 et
2039 4771 2294 4853 fenum
2350 4798 2671 4851 scarcare
2727 4771 3075 4851 reducere
3133 4791 3207 4850 et
3262 4770 3528 4851 ducere
3567 4792 3640 4852 et
3675 4791 3966 4876 portare

785 4934 879 5015 ad
939 4934 1205 5015 solem.
1266 4931 1701 5038 supradictis
1754 4930 2015 5012 diebus
2067 4929 2372 5010 festiuiS.
2431 4956 2760 5035 granum
2815 4927 2909 5008 ad
2968 4928 3486 5010 molandinum
3563 4930 3831 5009 ducere
3892 4949 3966 5010 et

783 5120 1084 5173 menare
1142 5118 1226 5171 ac
1285 5090 1616 5170 latinam.
1678 5109 1751 5169 et
1806 5088 2052 5169 fenare
2108 5107 2182 5169 et
2238 5087 2471 5191 ligare
2526 5113 2855 5167 messem
2914 5106 2987 5167 et
3043 5086 3182 5166 alia
3239 5085 3476 5167 blada.

4086 395 4131 440 s
