5117 6834
372 722 520 820 265

371 2297 527 2374 266

369 5081 530 5182 267

2198 314 2485 418 LXII

756 638 1166 847 Qou
1223 676 1587 803 oMNEs
1667 717 2308 802 ELECTIONES
2363 715 2682 800 FIANT
2763 712 3546 800 mcoNTINENTl
3627 711 3944 795 ANTE-

1073 877 1391 976 QUAM
1445 875 1978 959 Po‘rEs‘rAs
2031 874 2512 960 RECEDAT
2565 873 2642 957 A
2694 870 3286 958 couscruo.

884 1099 1075 1306 ἕξ
1090 1218 1246 1272 TEM
1302 1210 1657 1272 statutum
1716 1210 1829 1273 est
1882 1189 2089 1296 quod
2141 1207 2474 1296 potestas
2554 1208 2887 1271 teneatur
2942 1188 3176 1270 facere
3231 1189 3390 1272 fieri
3446 1217 3715 1271 omnes
3771 1189 3953 1271 elec-

769 1351 1017 1431 tiones
1071 1377 1215 1455 que
1267 1350 1452 1430 fient
1507 1347 1628 1429 uel
1682 1348 1841 1429 fieri
1899 1347 2286 1429 debuerint
2368 1349 2458 1428 ab
2542 1347 2987 1429 electoribus
3059 1348 3405 1429 comunis
3459 1349 3953 1432 incontinenti

769 1528 1165 1613 antequam
1222 1507 1515 1588 recedat
1571 1535 1612 1587 a
1668 1506 2054 1589 conscilio.
2115 1527 2188 1586 et
2244 1508 2438 1612 ipsas
2494 1506 2900 1587 electiones
2929 1504 3079 1611 legi
3121 1525 3194 1587 et
3230 1505 3597 1612 diuulgari
3636 1508 3713 1587 in
3743 1506 3949 1589 dicto

768 1666 1156 1749 conscilio.
1213 1667 1308 1747 Et
1363 1666 1509 1747 hoc
1565 1665 1970 1772 capitulum
2026 1664 2280 1745 locum
2335 1664 2601 1745 habeat
2656 1666 2715 1745 si
2774 1664 3134 1745 electores
3206 1665 3475 1745 fuerint
3546 1684 3949 1770 presentes,

768 1845 845 1911 Et
890 1846 946 1911 si
993 1842 1174 1910 aliter
1220 1841 1457 1910 factum
1504 1843 1689 1910 fuerit
1736 1841 1902 1910 dicte
1950 1840 2316 1909 ellectiones
2362 1863 2495 1908 non
2540 1839 2815 1909 ualeant.

759 2219 984 2386 DE
1038 2298 1402 2386 UXORE
1451 2296 2068 2384 DECEDENTE
2119 2295 2347 2379 SINE
2400 2294 2964 2381 HEREDIBUS
3018 2294 3154 2379 ET
3188 2294 3605 2381 MARITO
3653 2295 3945 2379 DECE-

1077 2457 1429 2542 DENTE
1482 2455 1941 2540 UIUENTE
1994 2454 2380 2539 UXORE.

918 2741 969 2840 *Ἴ
1093 2797 1249 2853 TEM
1305 2791 1662 2852 statutum
1719 2790 1830 2851 est
1885 2770 2090 2876 quod
2174 2771 2271 2850 si·
2318 2799 2506 2851 uxor
2570 2770 2906 2884 alicuius
2931 2770 3262 2852 hominis
3319 2772 3412 2853 de
3472 2738 3800 2853 baennis‘
3832 2772 3954 2854 uel

774 2927 1208 3010 habitatoris
1262 2928 1439 3009 dicti
1493 2927 1642 3009 loci
1698 2928 2094 3009 decesserit
2149 2929 2306 3041 sine
2361 2928 2757 3024 heredibus
2838 2946 2914 3009 et
2969 2927 3215 3009 liberis
3271 2954 3386 3043 enx.
3419 2929 3577 3035 ipsa
3630 2931 3825 3012 natis
3881 2949 3956 3012 et

776 3114 867 3167 ex
923 3086 1127 3168 dicto
1183 3088 1453 3167 marito
1508 3114 1671 3168 suo.
1729 3088 2029 3167 uiuente
2104 3087 2269 3192 ipso
2323 3088 2597 3167 marito
2636 3113 2799 3168 suo.
2839 3088 3053 3167 tertia
3088 3113 3255 3193 pars
3310 3086 3512 3169 dotis
3567 3087 3762 3169 dicte
3803 3115 3968 3171 mu-

776 3243 974 3326 lieris
1025 3246 1406 3351 perueniat
1462 3264 1535 3326 et
1593 3243 1799 3325 lucro
1855 3245 2068 3325 cedat
2104 3244 2310 3326 dicto
2347 3246 2619 3325 marito
2659 3272 2798 3327 suo
2835 3245 3061 3351 pleno
3116 3248 3295 3325 iure.
3354 3246 3448 3327 Et
3502 3246 3778 3352 relique
3818 3247 3962 3328 due

776 3422 1018 3510 partes
1072 3403 1267 3484 dicte
1325 3402 1527 3483 dotis
1582 3403 2056 3483 restituantur
2110 3402 2218 3483 illi
2273 3401 2394 3483 uel
2432 3401 2580 3484 illis
2635 3404 2752 3483 cui
2808 3402 2928 3483 uel
2985 3403 3252 3509 quibus
3288 3404 3403 3485 ius
3460 3424 3532 3486 et
3589 3432 3802 3487 casus
3841 3406 3964 3486 de-

775 3561 963 3642 derit
1016 3562 1093 3641 in
1149 3587 1429 3641 annum
1484 3588 1721 3641 unum
1775 3589 1818 3640 a
1873 3561 1992 3641 die
2048 3562 2316 3642 mortis
2371 3560 2566 3642 dicte
2648 3560 2980 3649 mulieris
3051 3561 3579 3667 incipiendum.
3642 3563 3721 3644 Si
3774 3590 3958 3645 uero

778 3720 1085 3800 maritus
1139 3718 1540 3800 decesserit
1594 3718 1896 3799 uiuente
1979 3745 2212 3799 uxore
2297 3746 2450 3800 sua.
2535 3718 2752 3800 liceat
2836 3718 3082 3800 eidem
3149 3718 3439 3801 mulieri
3496 3739 3685 3800 stare
3746 3747 3964 3826 super

778 3856 997 3957 bonis
1050 3875 1296 3957 mariti
1352 3877 1466 3956 sui
1520 3903 1647 3981 per
1703 3902 1984 3957 annum
2036 3903 2272 3956 unum
2327 3875 2674 3957 habendo
2729 3875 3080 3957 alimenta
3135 3876 3431 3981 ydonea
3488 3876 3660 3957 inde
3711 3904 3966 3958 secun·

779 4034 959 4114 dum
1016 4035 1583 4115 extimationem
1641 4035 2032 4139 potestatis
2069 4054 2144 4114 et
2180 4033 2503 4114 duorum
2541 4035 2940 4114 hominum
2980 4034 3513 4115 comunalium.
3572 4056 3743 4141 post
3780 4063 3963 4117 uero

777 4219 1080 4275 annum.
1139 4219 1297 4273 non
1352 4193 1589 4297 possit
1645 4192 1912 4273 habere
1969 4192 2323 4272 alimenta
2377 4193 2453 4272 in
2508 4191 2727 4272 dictis
2783 4191 3024 4273 bonis.
3079 4212 3477 4298 postquam
3517 4193 3765 4275 eidem
3821 4194 3964 4276 dos

780 4378 909 4431 sua
963 4349 1176 4431 fuerit
1232 4351 1566 4430 restituta
1602 4348 1784 4431 sibi.
1842 4352 1936 4430 Et
1989 4351 2135 4430 hoc
2191 4348 2595 4456 capitulum
2633 4377 2789 4431 non
2845 4350 3109 4432 habeat
3165 4350 3417 4432 locum
3474 4353 3550 4432 in
3605 4352 3965 4435 uxoribus

774 4507 896 4589 uel
951 4509 1235 4607 maritis
1290 4510 1438 4589 iam
1498 4510 1837 4599 mortuis,
1878 4508 2426 4590 Confirmatum
2464 4507 2600 4589 fuit
2638 4509 2848 4590 saluo
2904 4510 3058 4590 iure
3117 4509 3410 4590 domini
3466 4512 3793 4617 episcopi
3823 4511 3959 4620 (1)

776 4687 850 4748 et
905 4666 1211 4748 ecclesie
1266 4668 1579 4747 astensis
1769 4666 2184 4748 millesimo
2240 4693 2495 4750 cccxn
2552 4668 2932 4749 indicione
2989 4626 3061 4748 Ξ.

764 5000 987 5167 DE
1042 5032 1670 5166 IURAMENTO
1726 5078 2498 5164 CAMPARIORUM
2549 5076 3119 5165 UINEARUM.
3174 5150 3180 5155 ,

890 5294 1080 5500 ffl
1097 5426 1253 5482 ΤΕΜ
1292 5420 1650 5482 statutum
1689 5420 1801 5482 est
1854 5401 2057 5505 quod
2114 5403 2459 5508 camparii
2515 5403 2897 5483 uinearum
2954 5422 3340 5484 teneantur
3394 5406 3625 5486 iurare
3681 5406 3759 5486 in
3813 5434 3968 5487 ma·

786 5559 1002 5639 nibus
1056 5560 1445 5664 potestatis
1498 5578 1836 5665 ternpore
1892 5586 2044 5664 quo
2099 5559 2439 5640 iurabunt
2495 5587 2836 5641 exercere
2903 5588 3165 5642 eorum
3249 5561 3582 5644 officium
3641 5565 3719 5645 in
3772 5566 3967 5671 prin-
