5117 6834
779 1573 920 1652 323
1168 1450 1571 1652 QJOD
1629 1531 1992 1610 OMMIA
2047 1533 2539 1613 COMUNJA
2596 1535 3481 1617 DETERMINENTUR
3540 1538 3645 1615 IN
3703 1538 4208 1618 PASCHUO.
4311 1604 4314 1605 f

1292 1746 1647 1948 Qum
1702 1869 2059 1931 statutum
2118 1869 2228 1929 est
2284 1851 2484 1954 quod
2516 1869 2870 1954 ⁴potestas
2919 1854 3376 1929 baennarum
3432 1867 3765 1929 teneatur
3821 1869 3892 1929 et
3948 1849 4211 1931 debeat
4265 1849 4360 1930 fa-

1172 2038 1335 2092 cere
1393 2010 1866 2091 determinari
1925 2029 1998 2088 et
2056 2008 2429 2111 designari
2487 2009 2565 2087 in
2619 2007 2949 2112 paschuo
3006 2026 3079 2086 et
3134 2008 3209 2087 in
3266 2006 3633 2110 ayralibus
3686 2007 4137 2088 baennarum
4178 2007 4357 2089 illud

1170 2168 1373 2274 qnod
1430 2167 1646 2247 fuerit
1703 2168 2049 2246 comunis
2105 2167 2195 2245 ab
2254 2163 2389 2245 illo
2446 2165 2649 2269 quod
2708 2163 2924 2245 fuerit
3008 2164 3315 2245 alicuius
3394 2192 3713 2270 persone
3789 2165 4125 2270 specialis
4178 2167 4360 2246 infra

1171 2352 1514 2407 mensem
1569 2352 1802 2404 unum
1859 2342 2260 2429 postquam
2316 2324 2665 2435 iurauerit
2703 2322 3043 2428 regimen
3081 2320 3257 2402 uille
3315 2341 3388 2402 et
3443 2323 3842 2403 hominum
3871 2326 4348 2405 baennarum.

1172 2486 1265 2565 Et
1322 2483 1444 2564 illa
1500 2510 1817 2589 persona
1874 2508 2017 2586 que
2074 2483 2377 2560 inuenta
2431 2480 2651 2561 fuerit
2705 2499 2958 2560 tenere
3014 2479 3289 2585 aliquid
3347 2507 3671 2561 comune
3730 2482 3806 2561 in
3844 2483 4186 2586 paschuis
4240 2482 4360 2562 uel

1090 2707 1094 2711 .
1170 2644 1248 2723 in
1303 2641 1671 2747 ayralibus
1724 2640 2204 2720 baennarum.
2249 2640 2404 2718 siue
2442 2639 2521 2717 in
2558 2637 2854 2741 ayralia.
2897 2639 3039 2717 nisi
3078 2638 3146 2718 ei
3185 2637 3545 2718 hactenus
3599 2665 4042 2719 concessum
4098 2638 4357 2721 fuisset

1172 2829 1213 2880 a
1269 2800 1578 2880 comuni
1636 2799 1823 2877 sicut
1878 2797 2359 2900 designatum
2416 2794 2632 2875 fuerit
2685 2822 2815 2900 per
2870 2794 3043 2876 illos
3102 2797 3224 2900 qui
3282 2795 3374 2875 ad
3432 2795 3577 2875 hoc
3635 2796 4020 2876 constituti
4059 2786 4352 2876 fuerint.

1174 2956 1356 3036 illud
1413 2956 1679 3036 debeat
1734 2955 2029 3059 penitus
2083 2954 2458 3033 dimittere
2497 2953 2927 3057 expeditum
2967 2972 3040 3032 et
3076 2952 3425 3034 relaxare.
3485 2981 3620 3034 nec
3677 2954 3770 3034 de
3828 2936 3992 3058 ipso
4048 2957 4353 3035 comuni

1175 3112 1450 3218 aliquid
1509 3111 1744 3192 facere
1804 3111 1924 3191 uel
1980 3110 2319 3190 claudere
2378 3111 2506 3190 sed
2564 3111 2938 3190 dimittere
2996 3109 3448 3191 disclausum
3506 3129 3580 3191 et
3626 3111 3809 3191 nihil
3852 3113 3925 3192 in
3967 3139 4060 3192 eo
4099 3140 4353 3217 capere

1181 3276 1315 3353 sub
1369 3298 1560 3377 pena
1619 3289 1692 3350 et
1748 3269 1997 3349 banno
2055 3268 2473 3349 solidorum
2527 3295 2580 3348 x
2634 3297 2771 3374 pro
2827 3268 3162 3375 quolibet
3218 3288 3292 3349 et
3348 3270 3670 3375 qualibet
3706 3272 3892 3350 uice.
3953 3291 4025 3351 et
4082 3270 4356 3351 solido-

1175 3457 1341 3510 rum
1397 3456 1449 3510 x
1504 3455 1641 3533 pro
1701 3427 2017 3508 emenda
2075 3427 2403 3506 comuni.
2463 3427 2556 3507 Et
2611 3446 2943 3532 potestas
2980 3427 3216 3531 possit
3254 3446 3328 3506 et
3364 3445 3700 3535 teneatur
3737 3426 3910 3507 inde
3968 3431 4352 3534 inquirere.
4439 3440 4443 3445 '

780 3853 930 4010 324
1162 3815 1382 3978 DE
1440 3894 1616 3974 [ΗΑ
1673 3895 2047 3975 GUACH.

1286 4111 1647 4313 Qum
1704 4232 2058 4294 statutum
2136 4231 2248 4292 est
2311 4212 2513 4317 quod
2575 4213 2692 4290 uia
2748 4240 2890 4316 que
2947 4210 3151 4291 uadit
3232 4239 3360 4316 per
3444 4231 3710 4292 terram
3788 4215 4032 4317 guacii
4091 4214 4356 4293 debeat

1171 4373 1404 4454 teneri
1461 4393 1708 4477 aperta
1766 4391 1839 4451 et
1896 4371 2258 4476 expedita.
2304 4390 2376 4451 et
2414 4370 2618 4474 quod
2657 4368 2763 4449 illi
2802 4371 2926 4474 qui
2967 4369 3241 4449 habent
3280 4372 3797 4475 possessiones
3834 4373 4034 4451 iuxta
4077 4372 4353 4452 dictam

1173 4531 1377 4610 uiam
1433 4547 1822 4609 teneantur
1878 4528 2112 4608 facere
2170 4555 2402 4608 unum
2442 4532 2806 4607 fossatum
2843 4528 3035 4607 inter
3076 4554 3153 4606 se
3194 4546 3268 4608 et
3306 4555 3629 4607 comune
3666 4547 3956 4608 tantum
3996 4549 4356 4632 quantum

1175 4706 1432 4769 tenent
1491 4714 1619 4766 sue
1674 4688 2211 4791 possessiones.
2274 4685 2562 4789 largum
2621 4656 2914 4794 dnobus
2967 4684 3279 4790 pedibus
3317 4705 3389 4766 et
3426 4686 3872 4791 profundum
3933 4715 4085 4767 uno
4122 4715 4353 4792 usque

1175 4845 1268 4927 ad
1327 4845 1598 4926 festum
1654 4863 2128 4950 pentecostes
2185 4845 2614 4949 proximum
2672 4842 2806 4922 sub
2861 4870 3051 4948 pena
3090 4845 3506 4925 solidorum
3564 4872 3636 4924 111
3697 4864 3770 4924 et
3825 4845 4358 4927 nichilominus

1175 5025 1512 5086 teneatur
1570 5002 1803 5084 facere
1860 5003 2147 5083 dictum
2201 5003 2567 5083 fossatum
2625 5001 2871 5082 soluta
2925 5030 3137 5106 pena.
3197 5005 3291 5083 Et
3329 5022 3662 5109 potestas
3716 5005 3952 5108 possit
4010 5005 4182 5085 inde
4241 5007 4357 5084 in-

1176 5164 1460 5269 quirere
1517 5163 1676 5269 (1).
