5117 6834
878 669 1027 771 306
1252 615 1897 782 MILLEstMo
1952 695 2389 780 cccxxn.
2535 699 2668 780 DF.
2724 699 3415 784 MACELLARIIS.
3541 760 3546 765 .

1379 915 1568 1119 ἕξ
1589 1008 1744 1063 TEM
1801 1001 2156 1063 statutum
2215 1006 2326 1064 est
2382 985 2585 1089 quod
2642 984 2884 1091 aliqua
2939 1014 3255 1092 persona
3312 1015 3467 1067 non
3523 955 3758 1093 possit
3797 989 4117 1069 uendere
4164 991 4254 1070 ad
4314 991 4447 1070 mi-

1268 1160 1534 1220 nutum
1592 1167 1727 1221 nec
1781 1141 2183 1222 reuendere
2238 1142 2564 1249 aliquam
2620 1170 2781 1224 rem
2837 1144 3071 1225 retalii
3130 1146 3287 1226 siue
3344 1146 3635 1226 macelli
3675 1149 3811 1227 nisi
3872 1149 3960 1228 ad
4022 1175 4286 1253 peysas
4341 1150 4448 1231 eis

1267 1299 1601 1404 signatas
1652 1326 1782 1404 per
1837 1301 2317 1381 stanciatores
2370 1302 2717 1381 comunis
2772 1329 2914 1407 que
2951 1329 3177 1408 peyse
3217 1303 3363 1384 sint
3400 1303 3493 1384 de
3532 1303 3723 1385 ferro
3780 1306 3898 1385 uel
3955 1306 4271 1411 boglolii
4312 1307 4447 1414 (2)

1269 1484 1405 1538 nec
1462 1458 1688 1538 etiam
1743 1477 1993 1538 tenere
2048 1457 2329 1564 aliquas
2410 1486 2676 1565 peysas
2757 1488 2972 1565 super
3057 1464 3345 1542 bancho
3430 1461 3548 1543 uel
3606 1462 3920 1544 fenestra
3977 1463 4156 1544 alias
4211 1493 4435 1570 quam

1268 1616 1632 1721 predictas
1686 1617 2016 1721 signatas
2075 1616 2209 1697 sub
2264 1645 2452 1722 pena
2509 1618 2926 1700 solidorum
2983 1648 3030 1699 x
3084 1647 3221 1724 pro
3304 1620 3627 1724 qualibet
3708 1649 3933 1727 peysa
3990 1644 4063 1703 et
4118 1623 4444 1728 qualibet

1269 1776 1454 1855 uice.
1514 1794 1588 1855 et
1641 1793 1974 1880 potestas
2028 1794 2365 1856 teneatur
2420 1775 2721 1857 uinculo
2809 1779 3198 1858 iuramenti
3286 1780 3648 1884 inquirere
3704 1780 3795 1860 ad
3853 1781 4100 1861 minus
4158 1802 4268 1862 ter
4325 1782 4446 1863 uel

1269 1955 1522 2039 quater
1577 1935 1654 2013 in
1707 1961 1933 2015 anno.
1991 1952 2063 2013 et
2119 1931 2443 2038 quelibet
2496 1962 2815 2040 persona
2871 1936 3067 2017 bone
3107 1934 3302 2018 fame
3337 1939 3575 2043 possit
3630 1938 3802 2018 inde
3859 1967 4198 2031 accusare
4255 1961 4328 2021 et
4368 1945 4436 2022 ei

1267 2093 1685 2173 iuramento
1741 2092 2095 2173 credatur.

878 2485 1025 2568 307
1247 2410 1652 2622 QJOD
1690 2494 2089 2593 ALIQUA
2127 2494 2606 2578 PERSONA
2660 2495 2899 2578 NON
2956 2493 3305 2577 POSSIT
3359 2493 3909 2579 PLANTARE
3961 2491 4414 2592 ALIQUAS

1561 2653 2026 2737 ARBORES
2081 2652 2416 2736 PROPE
2468 2653 2877 2736 UINEAM
2932 2652 3424 2735 ALICUIUS.

1390 2950 1449 3051 3
1482 2906 1553 3060 ,ξ
1582 2965 1738 3022 TEM
1794 2958 2152 3020 statutum
2212 2958 2323 3020 est
2377 2940 2582 3045 quod
2665 2939 2906 3047 aliqua
2960 2967 3274 3046 persona
3332 2968 3486 3021 non
3545 2943 3779 3046 possit
3834 2941 4159 3046 plantare
4198 2970 4439 3048 neque

1263 3117 1515 3179 tenere
1568 3097 1850 3205 aliquas
1903 3097 2203 3178 arbores
2260 3096 2502 3178 salicis
2555 3124 2693 3178 nec
2753 3096 2973 3203 piobe
3028 3125 3258 3203 prope
3338 3125 3466 3204 per
3548 3126 3779 3179 unum
3844 3098 4278 3180 trabuchum
4336 3102 4443 3181 ui·

1262 3219 1482 3338 neam
1539 3283 1668 3337 seu
1725 3276 1974 3338 ortum
2029 3254 2336 3338 alicuius
2410 3283 2725 3361 persone
2783 3258 2859 3336 in
2914 3255 3062 3337 fine
3119 3255 3595 3337 baennarum.
3684 3258 3774 3337 Et
3849 3256 4050 3362 quod
4108 3277 4440 3363 potestas

1263 3416 1628 3521 predictas
1682 3416 1982 3496 arbores
2038 3433 2372 3495 teneatur
2425 3413 2716 3495 aufferri
2776 3413 3009 3495 facere
3065 3413 3247 3495 infra
3303 3443 3401 3495 xv
3457 3415 3617 3496 dies
3669 3435 3840 3521 post
3878 3416 4439 3522 requisitionem

1265 3572 1559 3654 factam.
1619 3593 1693 3654 et
1746 3574 1983 3679 possit
2040 3574 2427 3679 imponere
2481 3599 2709 3678 penas
2769 3593 2840 3653 et
2897 3571 3136 3652 banna
3191 3574 3528 3678 personis
3582 3573 4271 3654 contrafacientibus
4327 3602 4442 3654 so-

1263 3730 1588 3813 lidorum
1642 3758 1719 3813 111
1773 3758 1910 3837 pro
1963 3732 2287 3837 qualibet
2341 3729 2601 3810 arbore
2661 3750 2735 3811 et
2790 3729 3115 3835 qualibet
3189 3731 3371 3811 uice.
3461 3751 3531 3811 et
3606 3731 3807 3836 quod
3867 3730 4236 3837 eligantur
4291 3752 4442 3812 tres

1261 3891 1612 3972 homines
1665 3891 1790 3997 qui
1846 3888 2163 3970 habeant
2217 3887 2515 3995 plenam
2574 3887 2897 3994 bayliam
2953 3888 3395 3993 prouidendi
3457 3916 3669 3995 super
3753 3890 3970 3970 dictis
4051 3863 4435 3971 arboribus

1260 4050 1433 4130 hinc
1487 4066 1686 4130 retro
1739 4047 2084 4154 plantatis
2140 4048 2199 4128 si
2255 4048 2550 4152 questio
2638 4047 2809 4127 inde
2883 4048 3218 4129 oriretur.
3279 4047 3340 4127 si
3397 4047 3590 4127 dicte
3664 4045 3964 4128 arbores
4045 4047 4440 4128 redderent
4594 4104 4598 4108 «
4644 4056 4649 4062 ’

1263 4208 1457 4288 dicte
1513 4208 1729 4288 uinee
1784 4206 1905 4287 uel
1960 4224 2133 4287 orto
2188 4206 2434 4311 magis
2486 4205 2902 4311 dampnum
2956 4231 3179 4311 quam
3236 4204 3431 4285 dicte
3468 4206 3768 4285 arbores
3805 4211 4053 4287 essent
4088 4206 4434 4287 utilitatis

1262 4365 1366 4447 illi
1423 4393 1738 4472 persone
1794 4366 2002 4445 cuius
2057 4382 2330 4445 essent.
2388 4364 2481 4444 Et
2535 4382 2712 4443 tunc
2751 4364 2826 4443 in
2866 4361 2999 4444 illo
3037 4390 3211 4444 casu
3268 4362 3676 4444 secundum
3732 4365 4432 4469 pronunciationem

1263 4527 1636 4608 dictorum
1689 4526 1914 4624 trium
1969 4524 2367 4605 hominum
2423 4517 2861 4603 obseruetur
2914 4521 3197 4602 dictum
3256 4522 3683 4627 capitulum.

877 4895 1025 5003 308
1238 4837 1645 5048 QJoD
1702 4915 2233 5000 POTESTAS
2286 4913 2851 4998 TENEATUR
2906 4911 3319 4996 PoNERE
3372 4912 3483 4994 m
3518 4910 3988 5012 REGESTo
4048 4910 4409 4990 OMNES

1552 5074 2080 5160 PERsonAs
2116 5072 2847 5169 UNDECUMQUE
2874 5071 3110 5153 SINT
3141 5070 3678 5151 HABENTES
3715 5069 4166 5165 ALIQUAS
4203 5065 4403 5150 REs.

1364 5294 1550 5497 Q
1583 5398 1740 5453 TEM
1794 5388 2152 5451 statutum
2207 5387 2319 5449 est
2372 5367 2578 5473 quod
2632 5384 2966 5472 potestas
3046 5383 3379 5445 teneatur
3434 5364 3615 5444 infra
3672 5392 3769 5443 xv
3827 5365 3986 5444 dies
4041 5383 4436 5469 postquam

1264 5531 1608 5612 iurauerit
1660 5531 2002 5636 regimen
2058 5554 2274 5608 suum
2331 5530 2565 5606 lacere
2619 5525 3002 5631 regestari.
3061 5542 3135 5606 et
3188 5551 3468 5629 ponere
3508 5526 3584 5603 in
3620 5543 3923 5626 regesto
3961 5550 4231 5602 omnes
4286 5550 4441 5627 per-
