5117 6834
735 772 886 853 237

742 2320 896 2426 238

746 4805 900 4887 239

1122 676 1527 884 QJOD
1587 754 2104 837 CAPITULA
2166 752 2512 835 FACTA
2593 752 2731 833 ET
2792 751 3346 835 ORDINATA
3399 752 3888 833 DEBEANT
3941 750 4296 835 OBSER-

1435 913 1704 993 UARI.

1247 1129 1435 1330 Q
1448 1241 1609 1299 ΤΕΜ
1662 1233 2020 1301 statutum
2060 1234 2175 1299 est
2210 1215 2414 1322 quod
2454 1173 2714 1297 omnia
2751 1216 3066 1321 capitula
3118 1215 3305 1297 facta
3358 1242 3490 1323 per
3542 1217 4062 1321 capitulatores
4096 1216 4314 1301 baen-

1129 1392 1424 1459 narum'
1452 1393 1527 1455 et
1581 1373 2022 1458 confirmata
2073 1401 2204 1479 per
2258 1373 2658 1456 dominum
2713 1374 3150 1479 episcopum
3203 1373 3342 1481 (5)
3394 1373 3713 1459 debeant
3748 1374 4000 1455 atendi
4055 1392 4129 1455 et
4184 1377 4318 1455 ob-

1133 1531 1406 1616 servari
1477 1529 2001 1615 inuiolabiliter
2080 1557 2211 1635 per
2278 1528 2732 1636 potestatem
2787 1548 2865 1614 et
2929 1530 3089 1613 eius
3158 1530 3415 1613 locum
3476 1549 3862 1613 tenentem
3930 1557 4316 1615 remanen-

1132 1707 1290 1773 tem
1345 1687 1481 1798 (6)
1534 1715 1770 1793 usque
1825 1689 1902 1771 in
1956 1688 2107 1773 fine
2161 1688 2592 1791 regiminis
2631 1690 3025 1794 potestatis
3106 1689 3233 1795 qui
3305 1716 3523 1796 super
3601 1689 3782 1795 ipsis
3843 1690 4319 1773 attendendis

1134 1845 1505 1930 iurauerit.
1561 1847 1656 1931 Et
1708 1845 1857 1931 hoc
1908 1872 2069 1931 non
2123 1846 2364 1951 possit
2417 1847 2792 1931 remoueri
2844 1845 3004 1928 ullo
3057 1846 3323 1929 modo.

1126 2247 1348 2410 DE
1403 2324 1943 2409 PRECEPTIS
1995 2324 2357 2404 FAc‘rrs
2412 2324 2599 2408 PER
2656 2322 3064 2403 Po‘rEsT
3073 2322 3363 2403 ATEM
3433 2322 3577 2400 AD
3631 2319 4290 2401 INSTANTIAM

1437 2483 1905 2563 Atlculus
1960 2481 2447 2564 PERsoNE.
2675 2440 2679 2445 ’

1253 2698 1441 2898 ἕξ
1456 2814 1615 2877 TEM
1670 2807 2031 2877 statutum
2095 2807 2209 2878 est
2280 2791 2483 2903 quod
2541 2792 2604 2879 si
2657 2809 2993 2905 potestas
3045 2790 3164 2878 uel
3226 2792 3385 2877 eius
3438 2790 3694 2879 locum
3747 2808 4013 2880 tenens
4065 2790 4320 2881 fecerit

1139 2945 1443 3051 aliquod
1497 2915 1930 3052 preceptum
1985 2947 2201 3027 alicui
2256 2974 2575 3053 persone
2629 2946 3029 3031 habitantis
3081 2948 3161 3035 in
3215 2947 3545 3035 baennis.
3583 2947 3677 3035 ad
3716 2934 4145 3037 instantiam
4182 2946 4319 3029 ali-

1138 3105 1350 3184 cuius
1403 3130 1720 3209 persone
1775 3103 2020 3210 aliqua
2075 3083 2472 3185 occasione
2528 3123 2604 3185 et
2658 3104 2983 3210 predicta
3018 3131 3336 3211 persona
3391 3106 3510 3185 cui
3566 3106 3851 3186 dictum
3885 3123 4316 3212 preceptum

1137 3261 1417 3341 factum
1472 3260 1687 3341 fuerit
1740 3262 2174 3367 opposuerit
2222 3279 2485 3342 contra
2536 3262 2824 3342 dictum
2875 3280 3305 3367 preceptum
3361 3281 3436 3343 et
3488 3263 3952 3367 requisiuerit
3995 3282 4318 3369 potesta-

1135 3436 1294 3498 tem
1331 3418 1449 3498 uel
1492 3418 1651 3498 eius
1704 3417 1960 3499 locum
1994 3436 2378 3499 tenentem
2434 3417 2639 3525 quod
2679 3418 2962 3498 dictum
3015 3406 3442 3525 preceptum
3501 3437 3739 3500 casset
3783 3418 3905 3499 uel
3950 3438 4316 3509 retractet.

1142 3572 1385 3655 dictus
1418 3593 1750 3680 potestas
1786 3574 1911 3656 uel
1951 3576 2110 3656 eius
2144 3570 2400 3657 locum
2434 3593 2701 3656 tenens
2735 3592 3070 3656 teneatur
3104 3576 3598 3657 incontinenti
3635 3574 3870 3658 facere
3926 3577 4315 3682 cognosci.

1142 3749 1218 3812 et
1273 3729 1576 3813 diffiniri
1628 3759 1760 3839 per
1811 3732 2136 3813 iudicem
2190 3759 2348 3813 non
2404 3751 2830 3839 suspectum
2913 3733 2976 3814 si
3058 3732 3342 3814 dictum
3377 3752 3807 3840 preceptum
3871 3754 3984 3816 est
4038 3736 4321 3816 iustum

1141 3886 1264 3968 uel
1318 3915 1499 3970 non.
1558 3890 1619 3970 si
1673 3890 2030 3995 placuerit
2083 3889 2191 3971 illi
2246 3890 2339 3971 de
2397 3890 2607 3972 cuius
2661 3891 3009 3972 instantia
3080 3892 3356 3971 factum
3418 3890 3636 3973 fuerit
3689 3892 3974 3973 dictum
4027 3920 4321 3999 precep-

1138 4064 1305 4130 tum
1361 4047 1638 4128 dictam
1693 4048 2216 4153 cognitionem
2269 4046 2452 4129 fieri.
2510 4074 2654 4154 que
2710 4049 3052 4153 cognitio
3105 4049 3235 4130 fiat
3295 4050 3638 4155 expensis
3699 4052 3926 4157 partis
3980 4050 4320 4131 subcum-

1139 4206 1404 4288 bkntis.
1466 4223 1541 4286 et
1595 4205 1673 4285 in
1728 4205 1932 4286 dicto
1987 4231 2159 4286 casu
2243 4206 2432 4287 sicut
2511 4206 2907 4311 cognitum
2989 4205 3207 4288 fuerit
3287 4206 3725 4289 attendatur.
3794 4208 4005 4289 aliter
4067 4227 4318 4290 autem

1141 4362 1427 4445 dictum
1480 4380 1911 4469 preceptum
1966 4362 2232 4444 debeat
2285 4364 2551 4445 cassari
2608 4382 2682 4444 et
2736 4366 3130 4447 retractari.

1136 4704 1542 4910 QUOD
1598 4785 2259 4871 HABITANTES
2313 4785 2422 4865 IN
2475 4785 2918 4869 BAENNIS
2989 4784 3226 4867 NON
3282 4785 3715 4869 POSSINT
3768 4784 4303 4867 ACCUSARE

1452 4942 1908 5039 ALIQUAS
1962 4941 2493 5025 PERSONAS
2557 4942 2758 5025 UEL
2808 4942 3223 5025 BESTIAS
3277 4942 3478 5025 NISI
3533 4943 3640 5023 IN
3693 4935 4158 5025 BAENNIS.

1084 5262 1091 5355 {
1264 5158 1619 5359 ffiffffl
1670 5274 2032 5347 statutum
2097 5274 2210 5347 est
2272 5256 2477 5364 quad
2526 5257 2729 5345 nulla
2781 5286 3098 5366 persona
3150 5260 3460 5345 baennis
3512 5260 3874 5344 habitans.
3929 5262 4171 5367 possit
4222 5261 4320 5344 fa,

1144 5440 1310 5507 cere
1365 5413 1688 5520 aliquam
1742 5441 2086 5505 accusatu
2140 5415 2234 5507 de
2284 5415 2658 5521 aliquibus
2707 5418 3046 5522 personis
3098 5416 3221 5501 uel
3278 5419 3532 5503 bestiis
3567 5417 4021 5501 baennarum
4045 5420 4199 5501 nisi
4238 5421 4317 5502 in

1138 5571 1448 5652 baennis
1503 5589 1577 5652 et
1630 5597 1885 5651 coram
1938 5590 2306 5678 potestate
2389 5600 2521 5665 seu
2603 5575 2802 5664 curia
2884 5577 3338 5665 baennarum
3399 5574 3498 5663 de
3551 5575 3804 5681 aliquo
3858 5575 4194 5686 dampno
4243 5577 4314 5660 ei
