<?xml version="1.0" encoding="UTF-8"?>
<!DOCTYPE html PUBLIC "-//W3C//DTD XHTML 1.0 Transitional//EN"
    "http://www.w3.org/TR/xhtml1/DTD/xhtml1-transitional.dtd">
<html xmlns="http://www.w3.org/1999/xhtml" xml:lang="en" lang="en">
 <head>
  <title>
</title>
<meta http-equiv="Content-Type" content="text/html;charset=utf-8" />
  <meta name='ocr-system' content='tesseract 3.04.00' />
  <meta name='ocr-capabilities' content='ocr_page ocr_carea ocr_par ocr_line ocrx_word'/>
</head>
<body>
  <div class='ocr_page' id='page_1' title='image "./capitulaetstatu00unkngoog_0222.png"; bbox 0 0 5117 6834; ppageno 0'>
   <div class='ocr_carea' id='block_1_1' title="bbox 1284 602 1378 645">
    <p class='ocr_par' dir='ltr' id='par_1_1' title="bbox 1284 602 1378 645">
     <span class='ocr_line' id='line_1_1' title="bbox 1284 602 1378 645; baseline 0.011 -1"><span class='ocrx_word' id='word_1_1' title='bbox 1284 602 1378 645; x_wconf 87' lang='lat'><strong>20.</strong></span> 
     </span>
    </p>
   </div>
   <div class='ocr_carea' id='block_1_2' title="bbox 1280 814 1375 858">
    <p class='ocr_par' dir='ltr' id='par_1_2' title="bbox 1280 814 1375 858">
     <span class='ocr_line' id='line_1_2' title="bbox 1280 814 1375 858; baseline 0 -1"><span class='ocrx_word' id='word_1_2' title='bbox 1280 814 1375 858; x_wconf 89' lang='lat'><strong>21.</strong></span> 
     </span>
    </p>
   </div>
   <div class='ocr_carea' id='block_1_3' title="bbox 1277 1347 1374 1620">
    <p class='ocr_par' dir='ltr' id='par_1_3' title="bbox 1277 1347 1374 1620">
     <span class='ocr_line' id='line_1_3' title="bbox 1279 1347 1374 1390; baseline 0 0"><span class='ocrx_word' id='word_1_3' title='bbox 1279 1347 1374 1390; x_wconf 93' lang='lat'><strong>22.</strong></span> 
     </span>
     <span class='ocr_line' id='line_1_4' title="bbox 1277 1558 1373 1620; baseline -0.031 -16"><span class='ocrx_word' id='word_1_4' title='bbox 1277 1558 1373 1620; x_wconf 86' lang='lat'><strong>23.</strong></span> 
     </span>
    </p>
   </div>
   <div class='ocr_carea' id='block_1_4' title="bbox 1157 1733 1375 1827">
    <p class='ocr_par' dir='ltr' id='par_1_4' title="bbox 1157 1733 1375 1827">
     <span class='ocr_line' id='line_1_5' title="bbox 1157 1733 1375 1827; baseline -0.005 -13"><span class='ocrx_word' id='word_1_5' title='bbox 1157 1733 1161 1737; x_wconf 32' lang='lat'><em>⁸</em></span> <span class='ocrx_word' id='word_1_6' title='bbox 1278 1771 1375 1827; x_wconf 86' lang='lat'><strong>24.</strong></span> 
     </span>
    </p>
   </div>
   <div class='ocr_carea' id='block_1_5' title="bbox 1276 1981 1372 2041">
    <p class='ocr_par' dir='ltr' id='par_1_5' title="bbox 1276 1981 1372 2041">
     <span class='ocr_line' id='line_1_6' title="bbox 1276 1981 1372 2041; baseline -0.01 -17"><span class='ocrx_word' id='word_1_7' title='bbox 1276 1981 1372 2041; x_wconf 89' lang='lat'>25.</span> 
     </span>
    </p>
   </div>
   <div class='ocr_carea' id='block_1_6' title="bbox 1273 2191 1441 2782">
    <p class='ocr_par' dir='ltr' id='par_1_6' title="bbox 1273 2191 1441 2782">
     <span class='ocr_line' id='line_1_7' title="bbox 1273 2191 1370 2251; baseline 0 -17"><span class='ocrx_word' id='word_1_8' title='bbox 1273 2191 1370 2251; x_wconf 90' lang='lat'>27.</span> 
     </span>
     <span class='ocr_line' id='line_1_8' title="bbox 1274 2280 1371 2340; baseline 0 0"><span class='ocrx_word' id='word_1_9' title='bbox 1274 2280 1371 2340; x_wconf 88' lang='lat'>28.</span> 
     </span>
     <span class='ocr_line' id='line_1_9' title="bbox 1273 2402 1369 2462; baseline 0 -17"><span class='ocrx_word' id='word_1_10' title='bbox 1273 2402 1369 2462; x_wconf 90' lang='lat'>29.</span> 
     </span>
     <span class='ocr_line' id='line_1_10' title="bbox 1276 2507 1369 2570; baseline 0.011 -20"><span class='ocrx_word' id='word_1_11' title='bbox 1276 2507 1369 2570; x_wconf 83' lang='lat'><strong>30.</strong></span> 
     </span>
     <span class='ocr_line' id='line_1_11' title="bbox 1277 2614 1367 2674; baseline 0 -17"><span class='ocrx_word' id='word_1_12' title='bbox 1277 2614 1367 2674; x_wconf 87' lang='lat'>31.</span> 
     </span>
     <span class='ocr_line' id='line_1_12' title="bbox 1274 2721 1441 2782; baseline 0 -19"><span class='ocrx_word' id='word_1_13' title='bbox 1274 2721 1366 2782; x_wconf 89' lang='lat'>32.</span> <span class='ocrx_word' id='word_1_14' title='bbox 1429 2751 1441 2763; x_wconf 88' lang='lat'><strong>.</strong></span> 
     </span>
    </p>
   </div>
   <div class='ocr_carea' id='block_1_7' title="bbox 2633 428 2909 483">
    <p class='ocr_par' dir='ltr' id='par_1_7' title="bbox 2633 428 2909 483">
     <span class='ocr_line' id='line_1_13' title="bbox 2633 428 2909 483; baseline 0 -13"><span class='ocrx_word' id='word_1_15' title='bbox 2633 428 2909 483; x_wconf 73' lang='grc'><strong>-8-.-</strong></span> 
     </span>
    </p>
   </div>
   <div class='ocr_carea' id='block_1_8' title="bbox 1531 583 4350 2763">
    <p class='ocr_par' dir='ltr' id='par_1_8' title="bbox 1531 583 4350 2763">
     <span class='ocr_line' id='line_1_14' title="bbox 1539 583 4350 670; baseline 0.002 -24"><span class='ocrx_word' id='word_1_16' title='bbox 1539 585 1675 646; x_wconf 80' lang='lat' dir='ltr'>Casa</span> <span class='ocrx_word' id='word_1_17' title='bbox 1714 583 2030 667; x_wconf 88' lang='lat' dir='ltr'>Turbiglio,</span> <span class='ocrx_word' id='word_1_18' title='bbox 2069 585 2160 666; x_wconf 84' lang='grc'>813</span> <span class='ocrx_word' id='word_1_19' title='bbox 2201 584 2291 648; x_wconf 86' lang='lat' dir='ltr'>del</span> <span class='ocrx_word' id='word_1_20' title='bbox 2331 585 2558 648; x_wconf 86' lang='lat' dir='ltr'>Medico</span> <span class='ocrx_word' id='word_1_21' title='bbox 2598 586 2809 650; x_wconf 87' lang='lat' dir='ltr'>Michel</span> <span class='ocrx_word' id='word_1_22' title='bbox 2847 588 3098 651; x_wconf 84' lang='lat' dir='ltr'>Antonio</span> <span class='ocrx_word' id='word_1_23' title='bbox 3136 588 3377 663; x_wconf 76' lang='lat' dir='ltr'>Gazzari,</span> <span class='ocrx_word' id='word_1_24' title='bbox 3416 587 3560 649; x_wconf 83' lang='lat' dir='ltr'>nella</span> <span class='ocrx_word' id='word_1_25' title='bbox 3598 588 3760 670; x_wconf 83' lang='lat' dir='ltr'><strong>quale</strong></span> <span class='ocrx_word' id='word_1_26' title='bbox 3798 589 4027 650; x_wconf 67' lang='lat' dir='ltr'>aeisteva</span> <span class='ocrx_word' id='word_1_27' title='bbox 4055 588 4106 650; x_wconf 86' lang='grc'>13</span> <span class='ocrx_word' id='word_1_28' title='bbox 4136 589 4350 652; x_wconf 82' lang='lat' dir='ltr'><strong>sudetta</strong></span> 
     </span>
     <span class='ocr_line' id='line_1_15' title="bbox 1795 689 4186 775; baseline 0.002 -24"><span class='ocrx_word' id='word_1_29' title='bbox 1795 692 2079 752; x_wconf 86' lang='lat' dir='ltr'>iscrizione</span> <span class='ocrx_word' id='word_1_30' title='bbox 2117 689 2262 752; x_wconf 86' lang='lat' dir='ltr'>sullo</span> <span class='ocrx_word' id='word_1_31' title='bbox 2301 693 2517 753; x_wconf 89' lang='lat' dir='ltr'>scorcio</span> <span class='ocrx_word' id='word_1_32' title='bbox 2558 691 2649 753; x_wconf 88' lang='lat' dir='ltr'>del</span> <span class='ocrx_word' id='word_1_33' title='bbox 2687 707 2901 774; x_wconf 85' lang='lat' dir='ltr'>passato</span> <span class='ocrx_word' id='word_1_34' title='bbox 2940 694 3131 755; x_wconf 87' lang='lat' dir='ltr'>secolo</span> <span class='ocrx_word' id='word_1_35' title='bbox 3171 694 3273 775; x_wconf 89' lang='lat' dir='ltr'><strong>(V.</strong></span> <span class='ocrx_word' id='word_1_36' title='bbox 3316 695 3680 756; x_wconf 87' lang='lat' dir='ltr'>ORLANDI:</span> <span class='ocrx_word' id='word_1_37' title='bbox 3727 695 3872 755; x_wconf 71' lang='lat' dir='ltr'>Cittlz</span> <span class='ocrx_word' id='word_1_38' title='bbox 3911 694 4186 775; x_wconf 65' lang='lat' dir='ltr'>d&#39;Italia).</span> 
     </span>
     <span class='ocr_line' id='line_1_16' title="bbox 1538 784 4345 883; baseline 0.001 -25"><span class='ocrx_word' id='word_1_39' title='bbox 1538 796 1676 858; x_wconf 82' lang='lat' dir='ltr'>Casa</span> <span class='ocrx_word' id='word_1_40' title='bbox 1732 797 1825 878; x_wconf 87' lang='grc'>813</span> <span class='ocrx_word' id='word_1_41' title='bbox 1884 797 1973 858; x_wconf 86' lang='lat' dir='ltr'>dei</span> <span class='ocrx_word' id='word_1_42' title='bbox 2031 798 2237 872; x_wconf 79' lang='lat' dir='ltr'>Morta,</span> <span class='ocrx_word' id='word_1_43' title='bbox 2294 784 2485 879; x_wconf 85' lang='lat' dir='ltr'>quindi</span> <span class='ocrx_word' id='word_1_44' title='bbox 2538 798 2627 860; x_wconf 87' lang='lat' dir='ltr'>dei</span> <span class='ocrx_word' id='word_1_45' title='bbox 2685 799 2940 874; x_wconf 75' lang='lat' dir='ltr'>Gazzem,</span> <span class='ocrx_word' id='word_1_46' title='bbox 2999 799 3381 861; x_wconf 81' lang='lat' dir='ltr'>ultimamente</span> <span class='ocrx_word' id='word_1_47' title='bbox 3437 800 3494 860; x_wconf 85' lang='lat' dir='ltr'>di</span> <span class='ocrx_word' id='word_1_48' title='bbox 3553 800 3827 881; x_wconf 60' lang='lat' dir='ltr'>proprieti</span> <span class='ocrx_word' id='word_1_49' title='bbox 3884 800 3973 860; x_wconf 90' lang='lat' dir='ltr'>del</span> <span class='ocrx_word' id='word_1_50' title='bbox 4027 801 4345 883; x_wconf 83' lang='lat' dir='ltr'>compianto</span> 
     </span>
     <span class='ocr_line' id='line_1_17' title="bbox 1797 902 4346 988; baseline 0 -21"><span class='ocrx_word' id='word_1_51' title='bbox 1797 903 1932 967; x_wconf 81' lang='lat' dir='ltr'><strong>cav.</strong></span> <span class='ocrx_word' id='word_1_52' title='bbox 1973 905 2120 967; x_wconf 86' lang='lat' dir='ltr'><strong>Avv.</strong></span> <span class='ocrx_word' id='word_1_53' title='bbox 2161 902 2428 986; x_wconf 88' lang='lat' dir='ltr'>Teologo</span> <span class='ocrx_word' id='word_1_54' title='bbox 2467 906 2538 968; x_wconf 93' lang='lat' dir='ltr'><strong>D.</strong></span> <span class='ocrx_word' id='word_1_55' title='bbox 2580 904 2745 987; x_wconf 84' lang='lat' dir='ltr'>Luigi</span> <span class='ocrx_word' id='word_1_56' title='bbox 2784 905 3066 988; x_wconf 82' lang='lat' dir='ltr'>Magliano</span> <span class='ocrx_word' id='word_1_57' title='bbox 3105 904 3379 967; x_wconf 83' lang='lat' dir='ltr'><strong>deceduto</strong></span> <span class='ocrx_word' id='word_1_58' title='bbox 3417 905 3457 968; x_wconf 97' lang='grc'>11</span> <span class='ocrx_word' id='word_1_59' title='bbox 3500 924 3573 984; x_wconf 85' lang='grc'>29</span> <span class='ocrx_word' id='word_1_60' title='bbox 3613 906 3855 987; x_wconf 80' lang='lat' dir='ltr'>germaio</span> <span class='ocrx_word' id='word_1_61' title='bbox 3902 908 4073 984; x_wconf 89' lang='lat'><strong>1892,</strong></span> <span class='ocrx_word' id='word_1_62' title='bbox 4110 905 4151 966; x_wconf 90' lang='lat' dir='ltr'>il</span> <span class='ocrx_word' id='word_1_63' title='bbox 4185 906 4346 988; x_wconf 81' lang='lat' dir='ltr'><strong>quale</strong></span> 
     </span>
     <span class='ocr_line' id='line_1_18' title="bbox 1798 1008 4345 1093; baseline 0.001 -24"><span class='ocrx_word' id='word_1_64' title='bbox 1798 1008 1849 1069; x_wconf 87' lang='lat' dir='ltr'>la</span> <span class='ocrx_word' id='word_1_65' title='bbox 1890 1008 2081 1090; x_wconf 88' lang='lat' dir='ltr'>legava</span> <span class='ocrx_word' id='word_1_66' title='bbox 2108 1010 2165 1069; x_wconf 87' lang='lat' dir='ltr'>in</span> <span class='ocrx_word' id='word_1_67' title='bbox 2191 1030 2268 1070; x_wconf 88' lang='lat' dir='ltr'>un</span> <span class='ocrx_word' id='word_1_68' title='bbox 2310 1030 2419 1070; x_wconf 91' lang='lat' dir='ltr'>con</span> <span class='ocrx_word' id='word_1_69' title='bbox 2458 1029 2597 1090; x_wconf 85' lang='lat' dir='ltr'>gran</span> <span class='ocrx_word' id='word_1_70' title='bbox 2635 1008 2789 1092; x_wconf 64' lang='lat' dir='ltr'>parte</span> <span class='ocrx_word' id='word_1_71' title='bbox 2829 1010 2969 1071; x_wconf 80' lang='lat' dir='ltr'>della</span> <span class='ocrx_word' id='word_1_72' title='bbox 3008 1031 3105 1071; x_wconf 81' lang='lat' dir='ltr'>sua</span> <span class='ocrx_word' id='word_1_73' title='bbox 3146 1012 3404 1093; x_wconf 85' lang='lat' dir='ltr'>cospicua</span> <span class='ocrx_word' id='word_1_74' title='bbox 3442 1010 3662 1072; x_wconf 85' lang='lat' dir='ltr'>fortuna</span> <span class='ocrx_word' id='word_1_75' title='bbox 3700 1031 3799 1093; x_wconf 84' lang='lat' dir='ltr'>per</span> <span class='ocrx_word' id='word_1_76' title='bbox 3839 1011 4186 1073; x_wconf 87' lang='lat' dir='ltr'>l’istituzione</span> <span class='ocrx_word' id='word_1_77' title='bbox 4211 1012 4345 1075; x_wconf 87' lang='lat' dir='ltr'>d’un</span> 
     </span>
     <span class='ocr_line' id='line_1_19' title="bbox 1798 1114 4347 1190; baseline 0.002 -16"><span class='ocrx_word' id='word_1_78' title='bbox 1798 1114 2181 1177; x_wconf 81' lang='lat' dir='ltr'>Orfanotrofio</span> <span class='ocrx_word' id='word_1_79' title='bbox 2227 1115 2491 1175; x_wconf 85' lang='lat' dir='ltr'>maschile</span> <span class='ocrx_word' id='word_1_80' title='bbox 2542 1115 2687 1176; x_wconf 82' lang='lat' dir='ltr'>nella</span> <span class='ocrx_word' id='word_1_81' title='bbox 2733 1116 2860 1178; x_wconf 57' lang='lat' dir='ltr'>citt&amp;</span> <span class='ocrx_word' id='word_1_82' title='bbox 2894 1116 2957 1176; x_wconf 84' lang='lat' dir='ltr'>di</span> <span class='ocrx_word' id='word_1_83' title='bbox 2997 1117 3163 1190; x_wconf 87' lang='lat' dir='ltr'>Bene,</span> <span class='ocrx_word' id='word_1_84' title='bbox 3203 1136 3324 1176; x_wconf 81' lang='lat' dir='ltr'>casa</span> <span class='ocrx_word' id='word_1_85' title='bbox 3363 1117 3419 1176; x_wconf 91' lang='lat' dir='ltr'>in</span> <span class='ocrx_word' id='word_1_86' title='bbox 3459 1117 3548 1177; x_wconf 90' lang='lat' dir='ltr'>cui</span> <span class='ocrx_word' id='word_1_87' title='bbox 3587 1117 3633 1176; x_wconf 87' lang='lat' dir='ltr'>si</span> <span class='ocrx_word' id='word_1_88' title='bbox 3674 1136 4084 1178; x_wconf 83' lang='lat' dir='ltr'>conservavano</span> <span class='ocrx_word' id='word_1_89' title='bbox 4125 1116 4177 1177; x_wconf 86' lang='lat' dir='ltr'>le</span> <span class='ocrx_word' id='word_1_90' title='bbox 4214 1117 4347 1178; x_wconf 56' lang='lat' dir='ltr'>anti*</span> 
     </span>
     <span class='ocr_line' id='line_1_20' title="bbox 1795 1221 4004 1304; baseline 0.002 -23"><span class='ocrx_word' id='word_1_91' title='bbox 1795 1221 1939 1282; x_wconf 53' lang='lat' dir='ltr'>chit&amp;</span> <span class='ocrx_word' id='word_1_92' title='bbox 1978 1241 2207 1283; x_wconf 83' lang='lat' dir='ltr'>romane</span> <span class='ocrx_word' id='word_1_93' title='bbox 2247 1223 2409 1283; x_wconf 86' lang='lat' dir='ltr'>citate</span> <span class='ocrx_word' id='word_1_94' title='bbox 2446 1223 2496 1282; x_wconf 88' lang='lat' dir='ltr'>ai</span> <span class='ocrx_word' id='word_1_95' title='bbox 2535 1221 2609 1282; x_wconf 85' lang='lat' dir='ltr'>N¹</span> <span class='ocrx_word' id='word_1_96' title='bbox 2646 1224 2738 1297; x_wconf 89' lang='lat'>111,</span> <span class='ocrx_word' id='word_1_97' title='bbox 2779 1224 2859 1283; x_wconf 94' lang='lat' dir='ltr'>IV</span> <span class='ocrx_word' id='word_1_98' title='bbox 2899 1242 2932 1284; x_wconf 88' lang='lat' dir='ltr'>e</span> <span class='ocrx_word' id='word_1_99' title='bbox 2970 1225 3027 1283; x_wconf 90' lang='lat' dir='ltr'>X</span> <span class='ocrx_word' id='word_1_100' title='bbox 3066 1243 3097 1283; x_wconf 88' lang='lat' dir='ltr'>a</span> <span class='ocrx_word' id='word_1_101' title='bbox 3137 1223 3333 1304; x_wconf 80' lang='lat' dir='ltr'>pagina</span> <span class='ocrx_word' id='word_1_102' title='bbox 3380 1242 3447 1302; x_wconf 85' lang='lat'>13</span> <span class='ocrx_word' id='word_1_103' title='bbox 3493 1222 3633 1284; x_wconf 86' lang='lat' dir='ltr'>della</span> <span class='ocrx_word' id='word_1_104' title='bbox 3673 1222 4004 1285; x_wconf 85' lang='lat' dir='ltr'>Prefazione.</span> 
     </span>
     <span class='ocr_line' id='line_1_21' title="bbox 1536 1327 4343 1411; baseline 0 -21"><span class='ocrx_word' id='word_1_105' title='bbox 1536 1328 1674 1390; x_wconf 83' lang='lat' dir='ltr'>Casa</span> <span class='ocrx_word' id='word_1_106' title='bbox 1721 1327 1965 1402; x_wconf 87' lang='lat' dir='ltr'>Melan0,</span> <span class='ocrx_word' id='word_1_107' title='bbox 2014 1328 2105 1409; x_wconf 79' lang='grc'>813</span> <span class='ocrx_word' id='word_1_108' title='bbox 2158 1327 2402 1403; x_wconf 85' lang='lat' dir='ltr'>Ansaldi,</span> <span class='ocrx_word' id='word_1_109' title='bbox 2456 1328 2604 1389; x_wconf 85' lang='lat' dir='ltr'>dove</span> <span class='ocrx_word' id='word_1_110' title='bbox 2642 1329 2688 1388; x_wconf 92' lang='lat' dir='ltr'>si</span> <span class='ocrx_word' id='word_1_111' title='bbox 2728 1331 2894 1390; x_wconf 72' lang='lat' dir='ltr'>trovb</span> <span class='ocrx_word' id='word_1_112' title='bbox 2944 1329 3266 1390; x_wconf 87' lang='lat' dir='ltr'>l’iscrizione</span> <span class='ocrx_word' id='word_1_113' title='bbox 3313 1330 3381 1390; x_wconf 86' lang='lat' dir='ltr'>ad</span> <span class='ocrx_word' id='word_1_114' title='bbox 3421 1330 3687 1411; x_wconf 84' lang='lat' dir='ltr'>Agrippa,</span> <span class='ocrx_word' id='word_1_115' title='bbox 3740 1329 3942 1392; x_wconf 83' lang='lat' dir='ltr'>riferita</span> <span class='ocrx_word' id='word_1_116' title='bbox 3989 1329 4132 1390; x_wconf 88' lang='lat' dir='ltr'>nella</span> <span class='ocrx_word' id='word_1_117' title='bbox 4179 1343 4343 1390; x_wconf 50' lang='grc' dir='ltr'><strong>εῖδει</strong></span> 
     </span>
     <span class='ocr_line' id='line_1_22' title="bbox 1793 1432 3770 1514; baseline -0.002 -20"><span class='ocrx_word' id='word_1_118' title='bbox 1793 1434 1992 1514; x_wconf 84' lang='lat' dir='ltr'>pagina</span> <span class='ocrx_word' id='word_1_119' title='bbox 2033 1432 2173 1494; x_wconf 82' lang='lat' dir='ltr'><strong>della</strong></span> <span class='ocrx_word' id='word_1_120' title='bbox 2214 1432 2545 1494; x_wconf 82' lang='lat' dir='ltr'>Prefazione.</span> <span class='ocrx_word' id='word_1_121' title='bbox 3766 1477 3770 1480; x_wconf 31' lang='lat'><strong>⁴</strong></span> 
     </span>
     <span class='ocr_line' id='line_1_23' title="bbox 1536 1537 4346 1621; baseline 0 -20"><span class='ocrx_word' id='word_1_122' title='bbox 1536 1540 1675 1601; x_wconf 86' lang='lat' dir='ltr'>Casa</span> <span class='ocrx_word' id='word_1_123' title='bbox 1714 1538 2033 1613; x_wconf 85' lang='lat' dir='ltr'>Salomone,</span> <span class='ocrx_word' id='word_1_124' title='bbox 2073 1539 2164 1619; x_wconf 85' lang='grc'>813</span> <span class='ocrx_word' id='word_1_125' title='bbox 2204 1537 2293 1598; x_wconf 88' lang='lat' dir='ltr'>del</span> <span class='ocrx_word' id='word_1_126' title='bbox 2335 1538 2483 1599; x_wconf 90' lang='lat' dir='ltr'><strong>Prof.</strong></span> <span class='ocrx_word' id='word_1_127' title='bbox 2526 1539 2808 1621; x_wconf 88' lang='lat' dir='ltr'>Giuseppe</span> <span class='ocrx_word' id='word_1_128' title='bbox 2847 1539 3098 1614; x_wconf 71' lang='lat' dir='ltr'>Mai-azzi,</span> <span class='ocrx_word' id='word_1_129' title='bbox 3147 1538 3290 1600; x_wconf 82' lang='lat' dir='ltr'>nella</span> <span class='ocrx_word' id='word_1_130' title='bbox 3329 1538 3492 1621; x_wconf 84' lang='lat' dir='ltr'><strong>quale</strong></span> <span class='ocrx_word' id='word_1_131' title='bbox 3530 1541 3576 1600; x_wconf 86' lang='lat' dir='ltr'>si</span> <span class='ocrx_word' id='word_1_132' title='bbox 3614 1554 3918 1600; x_wconf 83' lang='lat' dir='ltr'>trovavano</span> <span class='ocrx_word' id='word_1_133' title='bbox 3959 1539 4011 1601; x_wconf 88' lang='lat' dir='ltr'>le</span> <span class='ocrx_word' id='word_1_134' title='bbox 4051 1540 4161 1601; x_wconf 88' lang='lat' dir='ltr'>due</span> <span class='ocrx_word' id='word_1_135' title='bbox 4200 1540 4346 1602; x_wconf 87' lang='lat' dir='ltr'>iscri-</span> 
     </span>
     <span class='ocr_line' id='line_1_24' title="bbox 1794 1629 3981 1727; baseline 0 -22"><span class='ocrx_word' id='word_1_136' title='bbox 1794 1645 1939 1705; x_wconf 76' lang='lat' dir='ltr'>zioni</span> <span class='ocrx_word' id='word_1_137' title='bbox 1981 1646 2141 1705; x_wconf 67' lang='lat' dir='ltr'>estate</span> <span class='ocrx_word' id='word_1_138' title='bbox 2182 1645 2230 1705; x_wconf 71' lang='lat' dir='ltr'>ai</span> <span class='ocrx_word' id='word_1_139' title='bbox 2269 1644 2341 1705; x_wconf 63' lang='lat' dir='ltr'>Ni</span> <span class='ocrx_word' id='word_1_140' title='bbox 2378 1646 2483 1705; x_wconf 85' lang='lat' dir='ltr'>vn</span> <span class='ocrx_word' id='word_1_141' title='bbox 2523 1644 2594 1705; x_wconf 78' lang='lat' dir='ltr'>ed</span> <span class='ocrx_word' id='word_1_142' title='bbox 2635 1645 2763 1704; x_wconf 85' lang='lat' dir='ltr'>vm</span> <span class='ocrx_word' id='word_1_143' title='bbox 2803 1644 2944 1705; x_wconf 71' lang='lat' dir='ltr'>dena</span> <span class='ocrx_word' id='word_1_144' title='bbox 2983 1644 3194 1706; x_wconf 76' lang='lat' dir='ltr'><strong>sudetta</strong></span> <span class='ocrx_word' id='word_1_145' title='bbox 3233 1629 3431 1727; x_wconf 69' lang='lat' dir='ltr'>pagina</span> <span class='ocrx_word' id='word_1_146' title='bbox 3471 1645 3612 1706; x_wconf 74' lang='lat' dir='ltr'>dena</span> <span class='ocrx_word' id='word_1_147' title='bbox 3651 1645 3981 1707; x_wconf 83' lang='lat' dir='ltr'><strong>Prefazione.</strong></span> 
     </span>
     <span class='ocr_line' id='line_1_25' title="bbox 1537 1748 4340 1832; baseline 0 -19"><span class='ocrx_word' id='word_1_148' title='bbox 1537 1752 1674 1813; x_wconf 84' lang='lat' dir='ltr'>Casa</span> <span class='ocrx_word' id='word_1_149' title='bbox 1721 1751 2027 1824; x_wconf 82' lang='lat' dir='ltr'>Assandria,</span> <span class='ocrx_word' id='word_1_150' title='bbox 2079 1763 2229 1811; x_wconf 88' lang='lat' dir='ltr'><strong>sotto</strong></span> <span class='ocrx_word' id='word_1_151' title='bbox 2271 1750 2288 1808; x_wconf 90' lang='lat' dir='ltr'>i</span> <span class='ocrx_word' id='word_1_152' title='bbox 2328 1750 2526 1831; x_wconf 88' lang='lat' dir='ltr'>portici</span> <span class='ocrx_word' id='word_1_153' title='bbox 2578 1748 2720 1811; x_wconf 87' lang='lat' dir='ltr'>della</span> <span class='ocrx_word' id='word_1_154' title='bbox 2769 1748 2931 1832; x_wconf 85' lang='lat' dir='ltr'><strong>quale</strong></span> <span class='ocrx_word' id='word_1_155' title='bbox 2968 1751 3026 1810; x_wconf 83' lang='lat' dir='ltr'>vi</span> <span class='ocrx_word' id='word_1_156' title='bbox 3066 1769 3156 1811; x_wconf 83' lang='lat' dir='ltr'>era</span> <span class='ocrx_word' id='word_1_157' title='bbox 3203 1769 3420 1825; x_wconf 85' lang='lat' dir='ltr'>ancora,</span> <span class='ocrx_word' id='word_1_158' title='bbox 3473 1749 3709 1832; x_wconf 82' lang='lat' dir='ltr'>qualche</span> <span class='ocrx_word' id='word_1_159' title='bbox 3758 1751 3933 1813; x_wconf 86' lang='lat' dir='ltr'>lustro</span> <span class='ocrx_word' id='word_1_160' title='bbox 3984 1751 4250 1828; x_wconf 84' lang='lat' dir='ltr'>addietro,</span> <span class='ocrx_word' id='word_1_161' title='bbox 4290 1751 4340 1814; x_wconf 91' lang='grc'>13</span> 
     </span>
     <span class='ocr_line' id='line_1_26' title="bbox 1794 1854 3514 1938; baseline 0.001 -22"><span class='ocrx_word' id='word_1_162' title='bbox 1794 1857 1964 1938; x_wconf 84' lang='lat' dir='ltr'>pietra</span> <span class='ocrx_word' id='word_1_163' title='bbox 2004 1875 2043 1915; x_wconf 92' lang='lat' dir='ltr'>o</span> <span class='ocrx_word' id='word_1_164' title='bbox 2083 1874 2254 1936; x_wconf 82' lang='lat' dir='ltr'>panca</span> <span class='ocrx_word' id='word_1_165' title='bbox 2294 1854 2382 1916; x_wconf 90' lang='lat' dir='ltr'>de’</span> <span class='ocrx_word' id='word_1_166' title='bbox 2401 1855 2569 1936; x_wconf 62' lang='lat' dir='ltr'>poecL</span> <span class='ocrx_word' id='word_1_167' title='bbox 2611 1855 2667 1916; x_wconf 88' lang='lat' dir='ltr'>di</span> <span class='ocrx_word' id='word_1_168' title='bbox 2708 1856 2799 1916; x_wconf 88' lang='lat' dir='ltr'>cui</span> <span class='ocrx_word' id='word_1_169' title='bbox 2836 1855 2881 1915; x_wconf 91' lang='lat' dir='ltr'>si</span> <span class='ocrx_word' id='word_1_170' title='bbox 2920 1855 3068 1936; x_wconf 82' lang='lat' dir='ltr'>parla</span> <span class='ocrx_word' id='word_1_171' title='bbox 3107 1855 3200 1916; x_wconf 88' lang='lat' dir='ltr'>nel</span> <span class='ocrx_word' id='word_1_172' title='bbox 3240 1856 3374 1937; x_wconf 86' lang='lat' dir='ltr'><strong>Cap.</strong></span> <span class='ocrx_word' id='word_1_173' title='bbox 3418 1874 3514 1934; x_wconf 89' lang='lat'><strong>72.</strong></span> 
     </span>
     <span class='ocr_line' id='line_1_27' title="bbox 1535 1960 3979 2043; baseline -0 -19"><span class='ocrx_word' id='word_1_174' title='bbox 1535 1963 1672 2024; x_wconf 84' lang='lat' dir='ltr'>Casa</span> <span class='ocrx_word' id='word_1_175' title='bbox 1711 1963 1884 2037; x_wconf 88' lang='lat' dir='ltr'>Sicca,</span> <span class='ocrx_word' id='word_1_176' title='bbox 1923 1961 2014 2042; x_wconf 90' lang='grc'>813</span> <span class='ocrx_word' id='word_1_177' title='bbox 2052 1960 2181 2021; x_wconf 86' lang='lat' dir='ltr'><strong>sede</strong></span> <span class='ocrx_word' id='word_1_178' title='bbox 2221 1961 2350 2021; x_wconf 88' lang='lat' dir='ltr'><strong>dell’</strong></span> <span class='ocrx_word' id='word_1_179' title='bbox 2352 1961 2629 2043; x_wconf 81' lang='lat' dir='ltr'>ospedale,</span> <span class='ocrx_word' id='word_1_180' title='bbox 2670 1962 2845 2042; x_wconf 84' lang='lat' dir='ltr'>prima</span> <span class='ocrx_word' id='word_1_181' title='bbox 2886 1962 2993 2022; x_wconf 89' lang='lat' dir='ltr'>che</span> <span class='ocrx_word' id='word_1_182' title='bbox 3030 1962 3243 2022; x_wconf 58' lang='lat' dir='ltr'>venisse</span> <span class='ocrx_word' id='word_1_183' title='bbox 3280 1961 3550 2024; x_wconf 83' lang='lat' dir='ltr'>trasferito</span> <span class='ocrx_word' id='word_1_184' title='bbox 3589 1962 3681 2023; x_wconf 87' lang='lat' dir='ltr'>nel</span> <span class='ocrx_word' id='word_1_185' title='bbox 3721 1960 3979 2023; x_wconf 75' lang='lat' dir='ltr'><strong>castello·</strong></span> 
     </span>
     <span class='ocr_line' id='line_1_28' title="bbox 1533 2064 2407 2149; baseline -0.005 -20"><span class='ocrx_word' id='word_1_186' title='bbox 1533 2068 1764 2149; x_wconf 89' lang='lat' dir='ltr'>Ospizio</span> <span class='ocrx_word' id='word_1_187' title='bbox 1804 2066 1949 2126; x_wconf 86' lang='lat' dir='ltr'><strong>delle</strong></span> <span class='ocrx_word' id='word_1_188' title='bbox 1987 2085 2195 2147; x_wconf 84' lang='lat' dir='ltr'>povere</span> <span class='ocrx_word' id='word_1_189' title='bbox 2235 2064 2407 2147; x_wconf 84' lang='lat' dir='ltr'><strong>figlie.</strong></span> 
     </span>
     <span class='ocr_line' id='line_1_29' title="bbox 1531 2170 3063 2254; baseline -0.001 -20"><span class='ocrx_word' id='word_1_190' title='bbox 1531 2173 1670 2234; x_wconf 82' lang='lat' dir='ltr'>Casa</span> <span class='ocrx_word' id='word_1_191' title='bbox 1708 2172 1799 2254; x_wconf 84' lang='grc'>813</span> <span class='ocrx_word' id='word_1_192' title='bbox 1838 2171 2073 2246; x_wconf 87' lang='lat' dir='ltr'>Rinaldi‚</span> <span class='ocrx_word' id='word_1_193' title='bbox 2113 2171 2352 2232; x_wconf 86' lang='lat' dir='ltr'>anterior</span> <span class='ocrx_word' id='word_1_194' title='bbox 2390 2170 2666 2231; x_wconf 69' lang='lat' dir='ltr'>roeidenza</span> <span class='ocrx_word' id='word_1_195' title='bbox 2706 2170 2835 2233; x_wconf 89' lang='lat' dir='ltr'>dell&#39;</span> <span class='ocrx_word' id='word_1_196' title='bbox 2836 2172 3063 2253; x_wconf 87' lang='lat' dir='ltr'>ospizi0.</span> 
     </span>
     <span class='ocr_line' id='line_1_30' title="bbox 1532 2277 2239 2340; baseline -0.003 0"><span class='ocrx_word' id='word_1_197' title='bbox 1532 2278 1691 2340; x_wconf 88' lang='lat' dir='ltr'>Asilo</span> <span class='ocrx_word' id='word_1_198' title='bbox 1731 2277 1973 2339; x_wconf 84' lang='lat' dir='ltr'>infantile</span> <span class='ocrx_word' id='word_1_199' title='bbox 2011 2279 2239 2338; x_wconf 76' lang='lat' dir='ltr'><strong>Ravera.</strong></span> 
     </span>
     <span class='ocr_line' id='line_1_31' title="bbox 1532 2369 3113 2464; baseline -0.001 -20"><span class='ocrx_word' id='word_1_200' title='bbox 1532 2386 1713 2446; x_wconf 88' lang='lat' dir='ltr'>Pozzo</span> <span class='ocrx_word' id='word_1_201' title='bbox 1753 2384 1842 2445; x_wconf 90' lang='lat' dir='ltr'>del</span> <span class='ocrx_word' id='word_1_202' title='bbox 1883 2369 2175 2454; x_wconf 74' lang='lat' dir='ltr'>Qiartiere</span> <span class='ocrx_word' id='word_1_203' title='bbox 2214 2384 2375 2444; x_wconf 86' lang='lat' dir='ltr'>Santa</span> <span class='ocrx_word' id='word_1_204' title='bbox 2413 2383 2587 2445; x_wconf 84' lang='lat' dir='ltr'>Maria</span> <span class='ocrx_word' id='word_1_205' title='bbox 2625 2382 2728 2462; x_wconf 88' lang='lat' dir='ltr'><strong>(V.</strong></span> <span class='ocrx_word' id='word_1_206' title='bbox 2772 2384 2906 2464; x_wconf 82' lang='lat' dir='ltr'><strong>Cap.</strong></span> <span class='ocrx_word' id='word_1_207' title='bbox 2952 2383 3113 2464; x_wconf 84' lang='lat'><strong>281).</strong></span> 
     </span>
     <span class='ocr_line' id='line_1_32' title="bbox 1593 2488 2874 2569; baseline 0 -19"><span class='ocrx_word' id='word_1_208' title='bbox 1593 2489 1670 2551; x_wconf 91' lang='lat' dir='ltr'><strong>Id.</strong></span> <span class='ocrx_word' id='word_1_209' title='bbox 1913 2489 1986 2550; x_wconf 88' lang='lat' dir='ltr'>id.</span> <span class='ocrx_word' id='word_1_210' title='bbox 2208 2489 2316 2551; x_wconf 84' lang='lat' dir='ltr'>San</span> <span class='ocrx_word' id='word_1_211' title='bbox 2356 2489 2596 2569; x_wconf 90' lang='lat' dir='ltr'>Giorgio</span> <span class='ocrx_word' id='word_1_212' title='bbox 2793 2488 2874 2551; x_wconf 91' lang='lat' dir='ltr'><strong>Id.</strong></span> 
     </span>
     <span class='ocr_line' id='line_1_33' title="bbox 1589 2593 2876 2658; baseline -0.002 -2"><span class='ocrx_word' id='word_1_213' title='bbox 1589 2596 1668 2658; x_wconf 90' lang='lat' dir='ltr'><strong>Id.</strong></span> <span class='ocrx_word' id='word_1_214' title='bbox 1910 2596 1983 2656; x_wconf 86' lang='lat' dir='ltr'>id.</span> <span class='ocrx_word' id='word_1_215' title='bbox 2204 2596 2312 2656; x_wconf 86' lang='lat' dir='ltr'>San</span> <span class='ocrx_word' id='word_1_216' title='bbox 2352 2593 2658 2656; x_wconf 82' lang='lat' dir='ltr'>Giovenale</span> <span class='ocrx_word' id='word_1_217' title='bbox 2797 2595 2876 2655; x_wconf 94' lang='lat' dir='ltr'><strong>Id.</strong></span> 
     </span>
     <span class='ocr_line' id='line_1_34' title="bbox 1589 2700 2869 2763; baseline -0.002 0"><span class='ocrx_word' id='word_1_218' title='bbox 1589 2703 1668 2763; x_wconf 88' lang='lat' dir='ltr'><strong>Id.</strong></span> <span class='ocrx_word' id='word_1_219' title='bbox 1910 2703 1982 2763; x_wconf 89' lang='lat' dir='ltr'>id.</span> <span class='ocrx_word' id='word_1_220' title='bbox 2205 2700 2687 2762; x_wconf 85' lang='lat' dir='ltr'>Sant’Eustacchio</span> <span class='ocrx_word' id='word_1_221' title='bbox 2793 2700 2869 2761; x_wconf 91' lang='lat' dir='ltr'><strong>Id.</strong></span> 
     </span>
    </p>
   </div>
  </div>
 </body>
</html>
