5117 6834
389 702 541 801 184

382 2438 523 2538 185

379 4112 528 4192 186

2097 282 2471 420 'XLI

750 632 1163 843 QJOD
1216 715 1412 800 ILLI
1462 716 1600 800 DE
1653 716 2006 801 ULTRA
2087 717 2685 802 TANAGRUM
2764 717 3003 802 NON
3083 718 3458 804 EMANT
3511 719 3941 807 HERBAM

1065 876 1178 958 IN
1234 875 1469 957 FINE
1523 875 2204 958 BAENNARUM.

884 1062 1073 1268 Q
1101 1186 1260 1242 TEM
1315 1181 1676 1243 statutum
1733 1181 1846 1243 est
1883 1162 2088 1269 quod
2143 1163 2410 1269 aliquis
2463 1164 2705 1245 homo
2745 1166 2835 1245 de
2875 1163 3064 1244 ultra
3100 1184 3497 1270 tanagrum
3543 1194 3700 1246 non
3736 1169 3978 1272 possit

778 1345 916 1399 nec
955 1318 1222 1399 debeat
1258 1345 1506 1400 emere
1544 1319 1850 1400 herbam
1887 1347 2025 1400 nec
2064 1347 2311 1402 secare
2346 1341 2639 1427 pratum
2677 1323 2768 1402 ad
2806 1322 3148 1427 partitam
3187 1323 3264 1402 in
3299 1321 3449 1403 fine
3498 1323 3971 1405 baennarum.

780 1495 854 1556 et
908 1478 1036 1582 qui
1093 1475 1606 1558 contrafecerit
1663 1478 1907 1559 soluat
1959 1505 2097 1584 pro
2150 1506 2340 1584 pena
2394 1506 2532 1584 pro
2589 1479 2924 1585 quolibet
2989 1498 3361 1562 seccatore
3430 1480 3718 1562 solidos
3769 1510 3842 1562 v.
3903 1501 3998 1575 et·

776 1633 1088 1740 quilibet
1144 1635 1386 1715 homo
1441 1634 1641 1715 bone
1696 1632 1893 1715 fame
1947 1635 2186 1740 possit
2225 1635 2398 1717 inde
2437 1663 2802 1717 accusare.
2846 1655 2920 1716 et
2955 1637 3407 1717 accusationi
3446 1664 3575 1719 sue
3615 1637 3969 1719 credatur.

778 1810 852 1872 et
906 1792 1175 1873 habeat
1228 1795 1523 1874 tertiam
1577 1813 1865 1899 partem
1919 1794 2168 1875 banni.
2228 1813 2301 1876 et
2357 1794 2482 1875 illa
2535 1822 2854 1901 persona
2918 1823 3061 1901 que
3117 1795 3322 1875 daret
3377 1795 3471 1876 ad
3529 1797 3971 1879 seccandum

775 1950 1063 2031 dictum
1116 1970 1411 2057 pratum
1465 1951 1586 2034 uel
1641 1953 1998 2034 uenderet
2053 1954 2327 2034 dictam
2384 1953 2690 2034 herbam
2748 1953 3091 2034 eamdem
3146 1980 3418 2059 penam
3472 1955 3811 2037 incurrat.

744 2362 1158 2575 QJOD
1211 2447 1830 2532 FAMILIARES
1883 2449 2528 2533 POTESTATIS
2589 2450 3127 2535 ACCUSARE
3178 2451 3418 2537 NON
3470 2451 3928 2536 POSSINT.

891 2652 953 2711 ,ὃ
981 2653 1059 2715 112⁴·

884 2665 1051 2825 {³2¹3}
1092 2765 1251 2821 ΤΕΜ
1307 2758 1670 2821 statutum
1707 2758 1822 2820 est
1859 2741 2061 2844 quod
2119 2739 2383 2845 aliquis
2437 2740 2755 2820 nuncius
2810 2741 2967 2821 siue
3024 2740 3349 2821 decanus
3404 2741 3541 2850 (1)
3599 2742 3756 2822 siue
3816 2769 3972 2823 ser-

773 2893 987 2977 uiens
1042 2898 1200 2978 siue
1256 2895 1638 2979 familiaris
1709 2899 2102 3003 potestatis
2175 2897 2630 2982 baennarum
2703 2925 2860 2979 non
2932 2901 3173 3004 possit
3244 2926 3583 2980 accusare
3647 2898 3969 3005 aliquam

770 3082 1173 3160 personam
1230 3056 1683 3136 baennarum
1740 3054 1982 3161 aliqua
2039 3056 2460 3136 occasione.
2521 3074 2597 3136 et
2653 3058 2713 3136 si
2770 3060 3307 3137 contrafactum
3361 3056 3576 3138 fuerit
3642 3057 3968 3163 predicta

774 3215 1150 3295 accusatio
1206 3215 1301 3293 sit
1354 3213 1630 3310 nullius
1682 3212 1982 3295 ualoris.
2042 3233 2115 3294 et
2172 3216 2232 3294 si
2290 3240 2433 3319 qua
2489 3240 2806 3319 persona
2881 3234 3076 3295 esset
3149 3234 3483 3296 accusata
3539 3215 3629 3295 ab
3712 3216 3963 3321 aliquo

774 3373 899 3453 uel
956 3372 1046 3453 ab
1102 3370 1470 3478 aliquibus
1542 3373 1876 3477 ipsorum
1951 3374 2046 3453 sit
2117 3372 2413 3478 penitus
2484 3372 2847 3453 absoluta.
2907 3373 3001 3453 Et
3055 3372 3200 3453 hoc
3260 3373 3664 3479 capitulum
3720 3372 3975 3454 locum

772 3529 1042 3611 habeat
1098 3549 1392 3611 tantum
1448 3530 1541 3611 de
1599 3531 1821 3611 bonis
1886 3532 2342 3644 extrinsecis.
2400 3531 2542 3611 nisi
2600 3531 2775 3611 inde
2833 3532 2901 3611 ei
2959 3551 3153 3612 esset
3217 3558 3572 3612 concessa
3638 3531 3881 3636 baylia
3937 3559 3979 3611 a

773 3687 1139 3770 conscilio
1193 3688 1675 3769 baennarum.

736 4045 963 4211 DE
1017 4124 1351 4207 LIGNIS
1403 4126 1644 4222 NON
1696 4125 2208 4208 DUCENDIS
2262 4125 2729 4210 PERSONE
2780 4126 3357 4212 EXTRANEE.

866 4314 1054 4519 Q
1087 4449 1248 4505 TEM
1313 4442 1671 4503 statutum
1729 4442 1842 4503 est
1906 4421 2111 4529 quod
2176 4420 2416 4527 aliqua
2487 4449 2806 4528 persona
2878 4423 3356 4503 baennarum.
3430 4392 3550 4503 uel
3632 4423 3972 4504 habitans

769 4585 848 4663 in
903 4583 1214 4664 baennis
1268 4609 1425 4662 non
1479 4584 1718 4688 possit
1774 4609 1911 4663 nec
1949 4581 2234 4662 ‘debeat
2288 4582 2554 4662 ducere
2612 4581 2733 4662 uel
2789 4608 3090 4664 menate
3146 4582 3352 4687 ligna
3406 4581 3658 4688 aliquo
3731 4582 3968 4663 modo

771 4740 895 4821 uel
952 4741 1266 4846 ingenio
1323 4766 1462 4820 nec
1520 4741 1744 4820 etiam
1800 4759 2123 4846 prestare
2180 4740 2417 4821 boues
2471 4740 2565 4820 ad
2622 4740 3048 4820 ducendum
3104 4739 3310 4845 ligna
3368 4760 3575 4821 extra
3629 4767 3851 4847 posse
3891 4743 3964 4822 e't

768 4899 1365 4980 iurisdictionem
1419 4898 1875 4978 baennarum
1932 4886 2066 4978 sub
2120 4925 2311 5003 pena
2349 4917 2424 4979 et
2461 4900 2712 4979 banno
2752 4897 3170 4979 solidorum
3206 4925 3310 4978 xx
3346 4926 3482 5003 pro
3521 4898 3858 5003 quolibet
3895 4918 3968 4979 et

768 5056 1096 5162 qualibet
1149 5057 1336 5136 uice.
1396 5075 1470 5136 et
1525 5054 1850 5161 quelibet
1904 5082 2221 5161 persona
2286 5056 2524 5160 possit
2580 5055 2752 5136 inde
2807 5082 3170 5136 accusare.
3231 5074 3303 5135 et
3361 5055 3693 5135 credatur
3758 5082 3965 5134 accu-

771 5215 1040 5297 sationi
1083 5240 1212 5294 sue
1251 5214 1697 5294 iuramento,
1738 5232 1812 5294 et
1848 5215 1994 5294 hoc
2034 5239 2190 5293 non
2228 5199 2470 5317 possit
2521 5214 2893 5293 remoueri
2952 5211 3313 5293 conscilio
3351 5213 3472 5293 uel
3501 5213 3650 5293 alio
3688 5213 3951 5293 modo.

770 5392 844 5453 et
882 5374 945 5454 si
983 5372 1395 5477 dampnum
1449 5370 1570 5452 uel
1627 5391 1923 5452 uastum
1978 5370 2238 5452 datum
2293 5372 2508 5451 fuerit
2546 5369 2680 5451 illo
2718 5398 2917 5452 anno
2956 5372 3033 5450 in
3072 5370 3291 5451 rebus
3325 5368 3446 5450 uel
3484 5369 3724 5451 bladis
3779 5396 3952 5451 con-

765 5528 1213 5610 trafacientis
1268 5527 1560 5609 nullum
1615 5529 1945 5609 bannum
1999 5528 2119 5609 uel
2178 5526 2494 5608 emenda
2551 5528 2904 5609 soluatur.

941 5764 1026 5819 11
