5117 6834
1073 609 1077 613 ⁴
1157 582 1232 681 f.
1382 638 1551 686 val.
1630 558 1907 727 Quod
1939 615 2156 681 omnia
2178 632 2353 702 prata
2383 615 2511 680 sint
2541 613 2797 680 bannita
2826 636 2862 680 a
2895 612 3111 681 medio
3137 615 3382 681 marcio
3404 636 3602 702 usque
3624 613 3704 681 ad
3730 613 4020 687 medium
4042 638 4337 688 mensem

1950 780 2397 868 septembrem.

1624 960 1898 1130 Quod
1945 1013 2094 1082 folia
2144 1037 2277 1083 non
2323 1014 2702 1103 colligantur
2748 1036 2937 1102 super
2983 1014 3217 1081 alienas
3265 1015 3521 1082 arbores
3568 1038 3683 1082 nec
3730 1017 3798 1083 in
3842 1017 4067 1085 alienis
4111 1018 4337 1084 uineis.

1151 1230 1228 1330 f·
1354 1287 1544 1336 van.
1626 1208 1773 1330 De
1819 1278 1952 1326 non·
1998 1258 2288 1326 faciendo
2334 1258 2598 1326 herbam
2670 1260 2738 1325 in
2807 1258 3178 1326 nemoribus
3223 1259 3485 1327 alicuius
3534 1283 3805 1351 persone
3850 1266 3918 1330 in
3963 1263 4088 1332 fine
4134 1264 4319 1332 baen-

1948 1448 2199 1493 narum.

1152 1618 1226 1716 f·
1406 1675 1548 1721 Lxx·
1619 1610 1778 1768 De
1824 1663 2115 1750 paschuis
2162 1684 2295 1730 non
2342 1661 2760 1730 destruendis,

1151 1862 1227 1962 f·
1356 1920 1546 1967 Lxx11.
1619 1851 1906 2031 ς-ὶιιοά
1937 1907 2159 1995 aliquis
2186 1879 2326 1975 ‘non
2355 1910 2556 1996 possit
2602 1908 2882 1997 plantare
2928 1908 3166 1997 aliquas
3213 1907 3471 1975 arbores
3502 1929 3702 1998 prope
3730 1878 4323 1979 ,mneani''a1icuii1s.

1152 2109 1227 2207 f·
1355 2165 1540 2212 Lxxv.
1621 2100 1780 2262 De
1826 2175 1960 2220 non
2005 2151 2298 2220 intrando
2344 2153 2615 2220 alienam
2662 2154 2942 2221 uineam.

1150 2353 1224 2451 f.
1329 2411 1538 2458 Lxxvl.
1617 2345 1774 2506 De
1820 2396 2059 2465 canabo
2107 2421 2240 2466 non
2308 2398 2686 2466 seminando
2733 2401 2799 2466 in
2847 2400 3027 2467 ortis.
3734 2444 3779 2463 ψ.

1148 2599 1224 2698 f·
1438 2659 1541 2704 xc.
1627 2581 1821 2721 (De
1866 2666 1998 2712 non
2044 2643 2424 2713 seminando
2484 2644 2727 2713 canabo
2771 2647 2840 2712 in
2888 2646 3045 2712 ortis
3107 2572 3379 2738 pascui).

1625 2814 1817 2979 (De
1863 2911 1995 2955 non
2056 2888 2367 2957 ruscando
2411 2892 2476 2957 in
2525 2889 2724 2957 bosco
2790 2912 2911 2958 suo
2957 2890 3056 2956 uel
3104 2816 3370 2987 alieno).

1148 3053 1222 3151 f·
1361 3101 1507 3148 XCII.
1643 3056 1909 3188 (Quod
1958 3108 2100 3179 galla
2136 3125 2247 3163 non
2283 3110 2472 3164 debeat
2516 3111 2721 3164 extrahi
2767 3123 2915 3165 extra
2951 3111 3137 3165 uillam
3173 3123 3227 3165 et
3262 3128 3417 3182 posse
3470 3064 3840 3201 bennam),
4046 3109 4061 3112 ⁶

1634 3267 1765 3371 De
1801 3318 2119 3372 metentibus
2153 3319 2336 3373 erbam
2373 3320 2429 3373 in
2466 3320 2645 3375 alieno
2682 3332 2850 3391 prato.

1149 3456 1224 3554 f·
1381 3505 1552 3551 xem-
1643 3461 1773 3565 De
1810 3511 2143 3566 boscantibus
2180 3511 2235 3565 in
2273 3512 2461 3567 alienis
2498 3513 2735 3568 boschis.

1153 3855 1487 3957 Collatio
1533 3896 1827 3970 septima
1870 3897 2191 3959 videlicet
2237 3901 2322 3963 de
2368 3900 2694 3963 omnibus
2761 3904 3162 3967 nemoribus
3230 3912 3298 3968 et
3366 3911 3670 3974 bannitis
3726 3918 3815 3974 et
3879 3916 3964 3976 de
4013 3918 4340 3982 omnibus

1151 4033 1470 4108 capitulis
1515 4039 1583 4095 et
1630 4035 2125 4099 ordinamentis
2165 4040 2263 4101 ad
2306 4041 2460 4116 ipsa
2501 4056 2796 4105 nemora
2840 4046 3338 4121 pertinentibus
3383 4054 3459 4112 ut
3503 4051 3684 4115 infra
3726 4056 4139 4123 continuum
4242 4024 4299 4109 s?

3953 4334 3960 4341 2

3932 4346 4023 4364 7,...-

1145 4369 1220 4468 f·
1383 4426 1537 4472 κιαι.
1622 4341 1896 4514 Qod
1959 4396 2222 4487 quilibet
2279 4400 2482 4486 possit
2536 4397 2814 4466 incidere
2867 4400 2935 4467 in
2983 4398 3242 4468 boschis
3297 4402 3435 4469 sine
3493 4422 3656 4490 pena
3719 4410 3839 4490 prb
3898 4406 4338 4472 instrumentis

4258 4507 4299 4527 4·-

1631 4520 1736 4538 -
1959 4563 2203 4631 bouum
2249 4564 2554 4653 aptanffis.
4248 4526 4311 4606 -ἱ

3746 4654 3847 4674 &mr

1624 4730 1775 4855 De
1821 4782 2089 4850 emenda
2134 4804 2476 4852 nemorum
2524 4784 2906 4852 alienorum.

1142 4999 1216 5098 f.
1405 5058 1531 5104 xxt.
1618 4979 1785 5100 Ad
1830 5027 2301 5097 conseruandos
2349 5029 2625 5098 boschos
2672 5030 2957 5098 aleuatos
3002 5031 3376 5121 galiciarum
3426 5052 3487 5100 et
3534 5047 3851 5123 gurre.·³‘”'⁷

1139 5242 1214 5342 f·
1387 5303 1533 5349 xxn.
1617 5227 1784 5348 Ad
1830 5275 2340 5343 conseruandum
2399 5276 2678 5345 boschos
2723 5276 2868 5345 finis
2913 5277 3303 5346 baennarum
3351 5302 3470 5367 pro
3516 5283 3857 5347 extraneis?

1139 5487 1212 5586 f.
1382 5548 1529 5592 xxv.
1619 5469 1767 5591 De
1810 5520 2179 5590 custodibus
2211 5523 2484 5611 priuatis*
2517 5546 2707 5613 super
2756 5524 3042 5593 boschis.
