5117 6834
711 679 874 793 '272
1104 612 1329 779 DE
1383 693 1621 778 NON
1676 692 2247 777 UASTANDO
2301 693 2789 791 ALIQUAM
2823 691 3325 778 ARBOREM
3358 692 4050 775 DOMESTICAM
4085 694 4281 776 UEL

1416 850 2086 935 SALUATICAM
2138 849 2628 933 ALIENAM.

1251 1079 1415 1241 .‘r::1:1÷‚-*-'·³·

1341 1194 1404 1256 ,ες
1433 1181 1590 1236 ΤΕΜ
1645 1174 2005 1237 statutum
2063 1175 2173 1236 est
2229 1157 2431 1261 quod
2490 1158 2551 1237 si
2607 1156 2849 1263 aliqua
2901 1184 3217 1264 persona
3272 1157 3610 1238 inciderit
3674 1157 4108 1240 scaluauerit
4163 1158 4280 1240 uel

1117 1313 1356 1394 modo
1410 1312 1662 1419 aliquo
1719 1304 2121 1395 uastauerit⁴
2164 1312 2288 1395 uel
2343 1315 2759 1396 boscauerit
2796 1342 2926 1396 seu
2963 1317 3259 1422 ceperit.
3298 1314 3421 1396 uel
3474 1317 3921 1397 arancauerit
3957 1286 4279 1422 aliquam

1114 1474 1457 1552 arborem
1512 1471 2006 1561 domesticam
2062 1470 2382 1551 alienam
2436 1470 2558 1552 uel
2616 1473 2844 1553 etiam
2901 1471 3353 1553 saluaticam.
3412 1473 3835 1554 dummodo
3891 1475 3985 1554 sit
4041 1473 4283 1555 fructi-

1115 1627 1288 1708 fera.
1348 1628 1591 1709 soluat
1620 1656 1780 1747 pro
1834 1656 2024 1733 pena
2077 1656 2215 1733 pro
2272 1629 2597 1734 qualibet
2678 1656 3020 1736 persona.
3082 1650 3155 1710 et
3210 1629 3534 1736 qualibet
3595 1632 3783 1711 uice.
3843 1651 3917 1711 et
3971 1631 4293 1736 qualibet

1117 1790 1377 1867 arbore
1434 1786 1721 1867 solidos
1775 1814 1826 1867 x
1880 1814 2015 1892 pro
2078 1788 2351 1868 banno,
2413 1807 2483 1867 et
2540 1786 2828 1868 solidos
2881 1815 2934 1868 x
2987 1817 3125 1895 pro
3190 1788 3505 1871 emenda
3559 1816 3782 1895 passo
3846 1789 4284 1896 dampnum.

1121 1945 1216 2025 Et
1275 1946 1336 2025 si
1393 1944 1804 2051 dampnum
1860 1965 2054 2026 esset
2107 1946 2349 2026 maius
2404 1946 2720 2025 emenda
2788 1945 3068 2026 debeat
3148 1947 3528 2027 restituere
3595 1974 3817 2053 passo
3889 1947 4298 2054 dampnum

1119 2122 1409 2184 tantum
1464 2101 1629 2208 plus
1683 2123 2041 2209 quantum
2100 2105 2541 2185 extimatum
2600 2084 2817 2184 esset.
2876 2131 3003 2209 per
3059 2105 3539 2185 extimatores
3594 2107 3941 2188 comunis
4014 2105 4294 2187 electos

1120 2239 1335 2366 super
1390 2260 1685 2341 damnis
1740 2261 2209 2342 extimandiS.
2271 2282 2345 2343 et
2396 2262 2869 2344 restituendis
2922 2290 2965 2342 a
3020 2263 3429 2368 campariis.
3469 2265 3563 2343 Et
3600 2263 3924 2368 quelibet
3978 2290 4294 2368 persona

1117 2421 1358 2525 possit
1412 2419 1584 2500 inde
1641 2446 1978 2500 accusare
2034 2440 2190 2501 tam
2226 2420 2320 2501 de
2358 2448 2497 2501 suo
2535 2421 2866 2527 dampno
2913 2449 3139 2526 quam
3177 2420 3270 2501 de
3308 2420 3579 2502 alieno,
3621 2440 3694 2502 et
3750 2423 3818 2501 ei
3873 2423 4292 2503 iuramento

1119 2578 1454 2658 credatur
1514 2598 1588 2657 et
1641 2578 1905 2658 habeat
1959 2580 2253 2659 tertiam
2305 2599 2589 2685 partem
2674 2579 2922 2660 banni.
2980 2580 3074 2660 Et
3129 2599 3460 2684 potestas
3543 2581 3779 2685 possit
3831 2579 4004 2660 inde
4060 2581 4296 2686 inqui-

1121 2761 1301 2815 rere.
1361 2763 1517 2816 non
1570 2734 1911 2815 obstante
1967 2734 2215 2841 aliquo
2272 2735 2622 2842 capitulo.
2677 2735 2801 2817 uel
2857 2736 3383 2817 ordinamento
3440 2738 3516 2816 in
3554 2738 4005 2817 contrarium
4063 2736 4286 2829 facto,

1123 2891 1242 2972 uel
1297 2891 1601 2973 facturo,
1660 2891 1869 2974 saluo
1925 2894 2127 2998 quod
2184 2895 2485 2974 arbores
2538 2895 2725 2975 ruris
2780 2896 2964 2976 cerri
3021 2893 3340 2976 cornalis
3379 2922 3534 2975 non
3573 2896 4297 2999 comprehendantur

1123 3050 1199 3129 in
1255 3050 1460 3129 dicto
1514 3048 1858 3155 capitulo

731 3606 874 3685 273
1111 3494 1516 3705 QJoD
1570 3575 1943 3660 LICEAT
1977 3575 2443 3659 cumssET
2480 3574 2946 3661 PERsoNE
2971 3575 3109 3659 DE
3133 3574 3574 3661 BAENNIS
3609 3576 4086 3663 UENDERE
4113 3577 4290 3660 Bo-

1422 3734 1780 3819 scHUM
1832 3732 2142 3834 QUOD
2197 3734 2547 3819 HABET
2601 3733 2713 3819 IN
2763 3734 3284 3819 BANALLo.

1241 3953 1601 4157 ffl‘rmw
1657 4065 2014 4128 statutum
2075 4066 2187 4127 est
2226 4048 2428 4152 quod
2468 4046 2683 4127 liceat
2739 4046 3039 4128 cuilibet
3074 4076 3393 4155 persone
3449 4050 3542 4129 de
3597 4050 3906 4130 baennis
3960 4050 4284 4130 uendere

1125 4224 1201 4287 et
1254 4232 1734 4311 quocumque
1789 4205 1938 4285 alio
1994 4205 2216 4285 titulo
2274 4204 2590 4285 alienare
2677 4193 3039 4286 boschum
3124 4233 3344 4286 suum
3425 4207 3630 4312 quod
3710 4208 3930 4287 habet
3985 4207 4103 4288 uel
4162 4234 4298 4313 pro

1123 4383 1460 4469 tempore
1489 4364 1824 4443 habuerit
1877 4364 1954 4442 in
2010 4388 2320 4442 nemore
2377 4330 2646 4443 banalli
2701 4363 3042 4466 personis
3078 4362 3171 4442 de
3210 4362 3521 4444 baennis
3576 4384 3650 4445 et
3705 4392 3859 4445 non
3900 4366 4294 4449 extraneis.

1122 4539 1280 4602 tam
1336 4519 1587 4602 solum
1638 4546 1862 4624 quam
1917 4519 2281 4602 boschum
2340 4522 2507 4600 sine,
2553 4547 2744 4624 pena
2800 4539 2873 4599 et
2930 4521 3203 4600 banno.
3290 4522 3618 4626 exceptis
3671 4521 4204 4603 habitatoribus
4257 4551 4300 4603 a

1125 4656 1224 4761 xx
1276 4678 1496 4758 ⁴annis
1551 4679 1726 4757 citra
1783 4678 1908 4782 qui
1964 4704 2119 4758 non
2174 4678 2464 4782 possint
2545 4652 2868 4758 uendere
2949 4658 3124 4758 riec.
3169 4677 3485 4760 alienare
3570 4679 3820 4784 aliquo
3876 4681 4134 4761 modo*
4171 4680 4302 4762 bo-

1128 4838 1388 4917 schum
1445 4862 1688 4916 suum.
1746 4835 1948 4941 quod
2033 4836 2100 4915 ei
2181 4836 2599 4940 peruenerit
2682 4837 2758 4915 in
2838 4854 3124 4942 partem
3181 4837 3258 4917 in
3315 4837 3519 4919 dicto
3575 4838 3860 4920 boscho
3917 4839 4051 4931 sub
4108 4866 4300 4945 pena
4407 4942 4418 4949 .

1125 4993 1544 5076 solidorum
1600 5020 1698 5074 Lx
1749 5020 1887 5099 pro
1941 4991 2264 5098 qualibet
2318 5020 2635 5098 persona
2689 4992 3284 5075 contrafaciente.
3328 4996 3420 5076 Et
3457 4994 3781 5101 quelibet
3833 4998 4072 5103 possit
4126 4997 4301 5095 inde

1126 5178 1465 5233 accusare
1522 5149 2132 5232 contrafacientes
2187 5170 2261 5231 et
2317 5152 2383 5230 ei
2443 5152 2860 5232 iuramento
2898 5150 3233 5232 credatur
3273 5171 3345 5232 et
3382 5153 3646 5233 habeat
3683 5156 3974 5234 tertiam
4014 5173 4300 5259 partem

1030 5350 1033 5353 ·
1129 5311 1374 5390 banni.
1432 5311 1525 5389 Et
1579 5328 1908 5415 potestas
1960 5310 2197 5414 possit
2251 5308 2423 5390 inde
2479 5311 2866 5415 inquirere.
