5117 6834
2243 395 2631 498 XLVII

856 686 1054 768 lidos
1108 716 1207 770 111.
1267 708 1341 769 et
1395 718 1438 770 a
1492 689 1695 771 libris
1748 718 1855 772 xx
1913 718 2126 797 supra
2170 690 2470 772 solidos
2523 718 2598 772 -v,
2656 694 2749 773 Et
2805 693 2899 804 cle
2956 695 3454 773 instrumento
3522 694 4038 804 appellationis

783 841 786 844 ’
857 874 900 926 a
954 846 1158 928 libris
1209 874 1261 928 x
1318 847 1501 928 infra
1555 848 1902 929 denarios
1956 876 2056 929 v1.
2115 868 2189 930 et
2242 878 2284 929 a
2340 848 2544 930 libris
2606 879 2655 929 x
2725 878 2936 956 supra
3013 851 3339 933 solidum
3397 880 3443 933 1.
3503 872 3576 934 et
3631 852 3723 934 de
3760 855 4038 950 ,instru-

860 1023 1121 1085 mento
1179 1006 1542 1085 sententie
1598 1034 1640 1086 a
1696 1006 1899 1105 libris
1952 1033 2005 1087 x
2061 1006 2243 1088 insta
2300 1007 2627 1088 solidum
2683 1036 2729 1089 1.
2790 1027 2863 1089 et
2917 1037 2958 1089 a
3014 1008 3218 1090 libris
3269 1038 3320 1089 x
3376 1037 3588 1115 supra
3640 1010 3927 1092 solidos
3964 1039 4035 1092 11.

858 1162 954 1244 Et
1009 1163 1070 1243 si
1126 1164 1458 1256 notarius
1487 1141 1748 1245 'nollet
1801 1165 2036 1245 iacere
2091 1183 2173 1244 ut
2227 1165 2509 1245 dictum
2568 1185 2680 1247 est
2734 1166 2929 1247 dicta
2984 1168 3495 1249 instrumenta.
3550 1187 3884 1274 potestas
3937 1188 4040 1250 te-

861 1339 1119 1402 neatur
1174 1322 1670 1404 incontinenti
1726 1341 2010 1404 mutare
2067 1323 2350 1405 dictum
2404 1326 2779 1405 notarium
2835 1343 2910 1404 et
2962 1352 3240 1430 ponere
3297 1326 3373 1406 in
3421 1326 3781 1407 conscilio
3838 1327 4038 1433 quod

862 1498 1188 1560 mutetur
1243 1480 1760 1561 incontinenti.
1820 1499 1895 1560 et
1948 1484 2281 1563 notarius
2362 1482 2627 1564 debeat
2708 1484 2976 1564 habere
3033 1483 3125 1563 de
3182 1482 3517 1588 quolibet
3569 1503 3758 1566 teste
3816 1511 4039 1589 quem

862 1638 1221 1743 receperit
1276 1638 1623 1720 denarios
1677 1667 1781 1720 1111
1834 1658 2154 1721 tantum.

468 2132 619 2210 209
851 2020 1074 2185 DE
1128 2101 1621 2184 NOTARIO
1674 2101 1812 2184 ET
1866 2101 2400 2186 cLAuARlo
2454 2088 2756 2187 cURIE
2809 2103 3488 2186 BAENNARUM.

978 2320 1167 2523 ἕξ
1185 2458 1343 2513 TEM
1396 2450 1755 2513 statutum
1813 2451 1925 2513 est
1978 2432 2183 2538 quod
2239 2459 2509 2513 omnes
2545 2431 2841 2512 clauarii
2880 2450 2953 2511 et
2990 2433 3258 2512 notarii
3298 2434 3495 2512 curie
3534 2427 3663 2513 seu
3702 2434 4046 2513 comunis

866 2592 1321 2670 baennarum
1377 2590 1645 2669 mutari
1702 2608 1776 2670 et
1830 2590 2202 2670 remoueri
2257 2588 2573 2670 debeant
2629 2588 2721 2669 de
2777 2590 3010 2669 tribus
3065 2590 3141 2690 in
3196 2590 3428 2670 tribus
3482 2590 3883 2670 mensibus
3942 2617 4048 2671 se-

868 2748 1196 2828 cundum
1253 2747 1457 2852 quod
1512 2764 1958 2828 consuetum
2015 2766 2149 2827 est.
2212 2765 2286 2826 et
2340 2747 2486 2827 hoc
2543 2773 2702 2827 non
2754 2746 2996 2852 possit
3050 2750 3422 2827 remoueri
3507 2747 3869 2827 conscilio
3912 2746 4046 2827 uel

869 2906 1021 2986 alio
1076 2905 1339 2986 modo.
1397 2924 1472 2985 et
1527 2905 1730 3010 quod
1788 2905 1910 2986 ille
1966 2904 2083 2985 uel
2142 2903 2249 2983 illi
2303 2905 2430 3010 qui
2484 2904 2756 2985 fuerint
2808 2905 3032 3010 positi
3073 2906 3149 2985 in
3186 2904 3406 2984 dictis
3440 2904 3710 2985 officiis
3755 2904 4045 2985 clauarii

869 3065 991 3145 uel
1030 3064 1296 3145 notarii
1335 3063 1652 3144 debeant
1688 3064 2107 3144 comuniter
2142 3064 2594 3168 participare.
2636 3064 2699 3143 si
2737 3062 3186 3143 sufficienter
3230 3061 3497 3142 fuerint
3543 3061 3809 3144 literati
3854 3061 4049 3142 lucra

871 3223 963 3304 ad
1022 3250 1155 3303 eos
1208 3223 1712 3328 peruenientia
1768 3249 1861 3302 ex
1916 3221 2133 3302 dictis
2187 3219 2452 3301 officiS.
2492 3222 2588 3301 Et
2624 3220 2828 3326 quod
2866 3239 3255 3301 teneantur
3293 3222 3526 3300 iurare
3566 3220 3641 3299 in
3680 3219 4044 3301 conscilio

748 3437 759 3449 -
873 3409 1030 3462 non
1088 3408 1427 3462 exercere
1485 3380 1678 3462 dicta
1733 3379 1982 3461 officia
2038 3379 2223 3459 ultra
2278 3397 2429 3484 tres
2485 3346 2808 3459 menses.
2868 3397 2942 3459 et
2997 3377 3199 3483 quod
3255 3405 3412 3458 non
3448 3379 3739 3483 possint
3776 3405 3937 3459 esse
3975 3380 4052 3459 in
4112 3383 4121 3393 '

874 3540 1091 3619 dictis
1146 3538 1416 3620 officiis
1469 3539 1588 3619 uel
1643 3538 1893 3644 aliquo
1950 3539 2282 3644 ipsorum
2337 3538 2479 3616 nisi
2536 3536 2770 3617 semel
2825 3537 2903 3615 in
2958 3555 3313 3628 anno..et
3367 3535 3569 3641 quod
3625 3535 3887 3641 aliquis
3922 3561 4054 3650 no·

873 3699 1101 3778 tarius
1157 3699 1313 3778 siue
1368 3697 1727 3778 clauarius
1780 3696 1905 3802 qui
1962 3695 2176 3776 electi
2231 3695 2500 3776 fuerint
2554 3694 2647 3775 ad
2705 3694 2900 3775 dicta
2937 3692 3184 3774 officia
3220 3719 3377 3773 non
3430 3695 3720 3798 possint
3774 3719 4049 3798 ponere

874 3856 1199 3961 aliquem
1258 3856 1431 3936 loco
1488 3857 1624 3936 sui.
1684 3855 1812 3935 sed
1869 3856 2164 3960 penitus
2217 3853 2535 3934 debeant
2575 3880 2791 3933 suum
2829 3850 3167 3933 officium
3222 3877 3583 3931 exercere.
3626 3848 3835 3930 saluo
3872 3877 4053 3954 quo-

873 4041 1193 4119 cumque
1231 4014 1523 4094 honore
1562 4014 1696 4122 (1)
1727 4032 1802 4094 et
1837 4014 1992 4093 iure
2032 4014 2399 4093 comunis.
2458 4041 2513 4084 et
2547 4028 2691 4100 quod
2728 4028 2958 4083 decanus
2994 4027 3234 4082 comunis
3272 4028 3596 4081 baennarum
3633 4037 3865 4080 mutetur
3901 3993 4049 4079 omini

875 4189 1019 4228 anno
1055 4189 1220 4245 quum
1257 4184 1488 4244 potestas
1524 4173 1826 4227 mutabitur.
1864 4173 1888 4198 *
1924 4184 1979 4226 et
2013 4171 2155 4243 quod
2191 4183 2423 4241 potestas
2469 4181 2711 4225 teneatur
2747 4169 2918 4225 facere
2954 4171 3233 4225 obseruare
3269 4184 3482 4240 presens
3520 4166 3805 4237 capitulum
3842 4165 4056 4220 uinculo

869 4331 1174 4387 iuramenti.
1215 4329 1299 4402 (2)

482 4806 637 4861 210
859 4699 1083 4864 DE
1136 4780 1651 4862 NOTARHs.

986 4997 1173 5200 ΞΕ
1197 5129 1354 5184 TEM
1409 5121 1768 5183 statutum
1851 5120 1964 5182 est
2045 5099 2248 5205 quod
2329 5118 2662 5205 potestas
2741 5116 3077 5179 teneatur
3157 5093 3604 5200 compellere
3687 5096 4059 5175 notarium

883 5266 1336 5344 baennarum
1389 5260 1694 5342 reddere
1749 5261 2238 5340 instrumenta
2294 5257 2476 5338 infra
2530 5286 2631 5338 xv
2686 5257 2848 5337 dies
2901 5275 3297 5362 postquam
3373 5254 3834 5359 querimonia
3888 5252 4060 5332 inde

884 5422 1121 5503 fuerit.
