5117 6834
2170 328 2562 447 XXXI

776 620 868 700 ad
915 621 1203 725 pintam
1259 617 1381 699 uel
1437 645 1864 699 mensuram
1918 620 2144 724 partis
2196 619 2425 723 pinte.
2485 637 2559 698 et
2614 619 2756 699 nisi
2813 619 2969 723 ipsa
3004 619 3210 723 pinta
3250 637 3324 698 et
3360 580 3705 698 mensure
3743 620 3971 723 partis

775 776 978 880 pinte
1034 775 1305 857 fuerint
1360 776 1453 857 de
1508 778 1775 857 uitreo,
1833 775 2103 859 uelde
2156 796 2370 857 terra.
2430 796 2504 857 et
2556 776 2742 857 tales
2822 776 3026 882 quod
3109 794 3573 857 mensuretur
3628 775 3719 856 ad
3776 778 3972 882 ipsas

775 932 867 1013 ad
923 960 1172 1014 rasum
1228 933 1364 1042 (1)
1420 952 1495 1039 et
1548 962 1706 1015 non
1762 934 1973 1015 aliter
2028 954 2102 1015 et
2155 934 2482 1040 quelibet
2534 962 2853 1040 persona
2908 961 3052 1040 que
3108 953 3366 1016 contra
3421 933 3673 1015 fecerit
3728 933 3972 1014 soluat

773 1117 909 1194 pro
963 1118 1152 1195 pena
1206 1119 1345 1196 pro
1402 1091 1728 1197 qualibet
1789 1093 1952 1179 uice
2010 1077 2298 1173 solidos
2350 1112 2557 1174 met
2629 1111 3021 1174 teneantur
3092 1092 3525 1173 uenditores
3580 1091 3757 1173 dicti
3812 1093 3970 1171 uini

777 1275 1200 1330 mensurare
1255 1249 1491 1330 dictas
1544 1250 1787 1354 pintas
1826 1269 1900 1330 et
1935 1270 2179 1355 partes
2214 1252 2421 1356 pinte
2458 1252 2534 1331 in
2571 1250 2938 1356 presentia
2977 1269 3051 1331 et
3085 1277 3212 1356 pre
3270 1249 3509 1331 oculis
3564 1250 3970 1330 bibitorum

777 1425 851 1486 et
907 1425 1332 1511 emptorum
1390 1408 1621 1512 ipsius
1678 1408 1834 1488 uini
1892 1408 2026 1489 sub
2085 1407 2347 1489 eadem
2401 1436 2592 1514 pena
2645 1436 2783 1515 pro
2837 1408 3163 1514 qualibet
3241 1435 3558 1513 persona
3621 1407 3969 1488 contrafa-

773 1565 1015 1645 ciente
1073 1584 1148 1645 et
1202 1564 1527 1671 qualibet
1582 1565 1769 1646 uice.
1829 1567 1925 1646 Et
1979 1566 2306 1671 quelibet
2386 1594 2706 1672 persona
2785 1567 3040 1672 possit
3088 1565 3261 1646 inde
3317 1592 3658 1646 accusare
3715 1585 3972 1646 contra

772 1722 1166 1804 facientem
1224 1741 1298 1803 et
1354 1724 1423 1802 ei
1479 1722 1816 1816 credatur
1871 1724 2314 1803 iuramenta
2373 1741 2448 1803 et
2501 1722 2768 1803 habeat
2821 1723 3114 1803 tertiam
3170 1712 3454 1827 partem
3510 1722 3757 1803 banni.

383 2220 520 2298 143
756 2118 978 2285 DE
1034 2200 1605 2283 CAMPARIIS.
1665 2194 1801 2302 (2)

924 2433 946 2472 1.

898 2447 1056 2610 &lg
1091 2539 1245 2592 TEM
1302 2530 1661 2593 statutum
1691 2530 1804 2592 est
1840 2511 2043 2616 quod
2083 2511 2347 2616 aliquis
2384 2512 2795 2616 camparius
2830 2538 2987 2591 non
3036 2510 3311 2634 debeat.
3339 2512 3607 2591 intrare
3648 2510 3972 2616 aliquam

769 2673 1154 2751 tabernam
1210 2697 1428 2750 causa
1482 2668 1806 2750 bibendi.
1865 2698 2003 2750 nec
2059 2669 2530 2750 comedendi.
2572 2697 2710 2749 nec
2765 2671 2843 2749 in
2899 2668 3151 2775 aliquo
3198 2670 3373 2750 loco
3429 2670 3555 2749 ubi
3611 2670 3975 2750 uendatur

658 2938 670 2947 ο
769 2830 1030 2938 uinum
1086 2828 1178 2908 ad
1237 2830 1612 2908 minutum
1667 2829 1908 2933 possit
1980 2827 2228 2908 bibere
2292 2826 2414 2908 uel
2483 2827 2903 2908 comedere.
2963 2830 3099 2908 sub
3162 2855 3351 2932 pena
3424 2827 3840 2908 solidorum
3897 2855 3970 2908 11.

767 2986 1290 3092 proqualibet
1343 2987 1507 3067 uice
1541 3006 1639 3066 ‘et
1692 2955 1857 3092 pro⁴
1890 2985 2225 3091 quolibet
2280 2987 2655 3093 campario
2712 2987 3018 3092 quocies
3056 2984 3595 3066 contrafecerit.
3653 2986 3745 3064 Et
3803 3012 3976 3091 que-

769 3142 950 3224 libet
1003 3166 1332 3250 persona'
1358 3145 1599 3250 possit
1652 3144 1827 3225 inde
1865 3170 2232 3225 accusare.
2291 3162 2364 3223 et
2422 3145 2487 3223 ei
2545 3145 2966 3225 iuramento
3005 3142 3341 3224 credatur
3398 3145 3460 3223 si
3516 3142 3733 3223 fuerit
3772 3146 3970 3225 bone

767 3301 989 3382 fame.
1048 3304 1142 3382 Et
1195 3320 1530 3407 potestas
1594 3320 1932 3383 teneatur
1996 3290 2231 3382 facere
2288 3303 2520 3381 iurare
2586 3302 2992 3408 quemlibet
3074 3304 3526 3408 camparium
3592 3301 3975 3381 attendere

770 3479 845 3540 et
901 3460 1293 3542 obseruare
1348 3460 1702 3567 predicta.

382 3962 528 4037 144
757 3854 982 4021 DE
1035 3937 1621 4045 INCIDENDIS
1673 3936 2256 4021 ARBORIBUS
2307 3937 2928 4021 DOMESTICIS
2997 3938 3315 4021 SUPER
3370 3937 3816 4023 COMUNI.

896 4273 962 4332 e·
994 4293 1063 4332 ›f-
1086 4280 1240 4333 TEM
1281 4239 1673 4335 statutum
1730 4271 1842 4332 est
1897 4253 2100 4358 quod
2168 4252 2370 4356 nulla
2449 4279 2768 4358 persona
2846 4255 3087 4359 possit
3140 4255 3261 4335 uel
3317 4255 3583 4335 debeat
3640 4255 3962 4336 incidere

766 4409 888 4489 uel
945 4436 1274 4490 scaruare
1329 4410 1652 4516 aliquam
1721 4414 2064 4491 arborem
2117 4411 2255 4517 piri
2310 4410 2432 4491 uel
2465 4409 2734 4514 ,meyle
2802 4431 3143 4493 castanee
3221 4415 3437 4493 sorbe
3502 4412 3713 4493 nucis
3780 4412 3979 4493 ficus-

765 4569 1028 4673 persici
1085 4568 1352 4648 alicubi
1409 4570 1485 4648 in
1541 4568 1689 4649 fine
1748 4572 2201 4649 baennarum
2257 4568 2455 4674 lequi
2512 4587 2587 4648 et
2641 4583 3128 4674 costemagne
3186 4597 3400 4675 super
3454 4572 3761 4650 comuni
3829 4573 3961 4652 sub

762 4755 952 4833 pena
1017 4730 1436 4811 solidorum
1491 4755 1567 4808 ΠΙ
1623 4729 1819 4807 curie
1878 4746 1952 4807 et
2005 4727 2327 4822 totidem
2390 4755 2527 4832 pro
2603 4727 2918 4807 emenda
3001 4729 3330 4808 comuni.
3414 4756 3551 4834 pro
3636 4728 3963 4833 qualibet

737 4914 1080 4992 *persona
1137 4907 1211 4969 et
1265 4887 1592 4994 qualibet
1646 4888 1833 4966 uice.
1895 4905 1969 4965 et
2022 4885 2346 4991 quelibet
2400 4912 2719 4992 persona
2799 4888 3037 4991 possit
3111 4888 3284 4967 inde
3341 4861 3705 4967 accusare.
3765 4906 3839 4967 et
3893 4880 3996 4968 ei⁴

763 5044 1098 5126 credatur
1153 5065 1228 5126 et
1282 5047 1548 5126 habeat
1602 5045 1895 5125 tert-iam
1949 5063 2235 5149 partem
2292 5045 2538 5124 banni.
2598 5045 2692 5124 Et
2747 5045 2951 5150 quod
3033 5064 3363 5149 potestas
3426 5048 3663 5151 possit
3728 5046 3961 5151 inqui-

762 5230 918 5283 rere
973 5204 1067 5284 de
1124 5204 1510 5285 arboribus
1564 5203 2028 5283 domesticis.
