5117 6834
887 723 1036 822 346

883 3267 1027 3345 347

1205 725 1210 729 ·
1271 627 1489 790 DE
1547 679 2019 789 PeRsoNA
2075 708 2532 787 HABENTI
2588 709 2987 791 TERRAs
3036 710 3111 789 A
3146 710 3322 791 UIA
3377 710 3672 792 CERRI
3737 714 3871 820 (4)
3919 712 4264 810 USQUE
4310 715 4459 794 AD

1582 865 2013 947 PORTAS.

1542 1217 1749 1269 TEM
1806 1209 2162 1269 statutum
2220 1208 2331 1269 est
2378 1189 2580 1293 quod
2638 1188 2958 1293 quelibet
3034 1216 3346 1293 persona
3405 1188 3684 1268 habens
3738 1209 3967 1268 terras
4020 1217 4060 1268 a
4119 1191 4235 1268 uia
4275 1191 4451 1269 cerri

1272 1375 1505 1453 usque
1561 1348 1653 1427 ad
1708 1367 1959 1452 portas
2014 1367 2260 1451 ruptas
2314 1346 2498 1427 ultra
2557 1366 2881 1426 stratam.
2939 1366 3273 1427 teneatur
3332 1365 3405 1427 et
3459 1347 3722 1427 debeat
3760 1346 3994 1427 facere
4032 1375 4265 1427 unum
4304 1346 4458 1429 fos-

1278 1526 1523 1586 satum
1584 1505 1870 1607 largum
1933 1523 2122 1586 11110‘.
2184 1525 2255 1584 et
2312 1505 2543 1584 tribus
2626 1504 2936 1609 pedibus
3015 1502 3488 1608 profundum.
3577 1507 3764 1584 inter
3848 1532 3925 1583 se
4008 1524 4082 1583 et
4139 1530 4461 1585 comune

1280 1681 1527 1743 strate.
1588 1664 1692 1742 Ita
1749 1663 1949 1767 quod
2010 1662 2218 1742 faciat
2276 1690 2489 1768 super
2547 1689 2761 1742 suum
2806 1680 2879 1741 et
2917 1689 3069 1741 non
3121 1687 3333 1765 super
3389 1688 3736 1741 comune.
3797 1662 4231 1766 proiciendo
4271 1662 4458 1742 sicut

1283 1820 1601 1900 uoluerit
1659 1840 1922 1899 terram
1984 1841 2340 1924 quantum
2399 1840 2604 1899 tenet
2661 1848 2788 1899 sua
2843 1821 3244 1924 possessio.
3304 1819 3507 1923 quod
3563 1809 3923 1923 ¹fossatum
3981 1820 4245 1900 debeat
4301 1820 4456 1900 fieri

1113 2027 1120 2033 -
1279 1998 1362 2058 ut
1416 1963 1828 2083 predictum
1890 1997 2021 2058 est.
2080 2006 2311 2083 usque
2367 1979 2458 2057 ad
2514 1979 2943 2082 proximum
3000 1977 3266 2057 festum
3324 1997 3776 2081 pentecoste.
3839 1979 3930 2056 Et
3985 1979 4105 2082 qui
4176 1977 4458 2059 dictum

1278 2135 1641 2215 fossatum
1726 2163 1879 2215 non
1957 2135 2204 2230 fecerit
2259 2136 2349 2215 ad
2409 2135 2691 2214 dictum
2773 2135 3172 2215 terminum
3228 2154 3308 2214 ut
3364 2134 3775 2239 predictum
3834 2155 3945 2215 est
4001 2135 4241 2216 soluat
4325 2164 4459 2240 pro

1271 2322 1460 2399 pena
1518 2314 1590 2376 et
1644 2296 1892 2375 banno
1952 2292 2238 2375 solidos
2293 2323 2386 2375 111.
2446 2295 2581 2401 (5)
2621 2296 2712 2374 Et
2751 2293 3281 2374 nichilominus
3316 2313 3650 2374 teneatur
3706 2294 3939 2374 facere
3979 2295 4260 2374 dictum
4299 2294 4456 2374 fos-

1280 2474 1522 2536 satum
1588 2454 1722 2533 sub
1780 2452 2040 2533 eadem
2099 2479 2308 2557 pena.
2351 2454 2443 2531 Et
2482 2452 2746 2532 debeat
2799 2471 3276 2532 manutenere
3331 2452 3613 2533 dictum
3653 2451 4011 2531 fossatum
4050 2470 4132 2531 ut
4178 2452 4460 2532 dictum

1281 2633 1393 2692 est
1452 2614 1585 2691 sub
1644 2612 1903 2691 eadem
1961 2639 2173 2716 pena.
2231 2612 2322 2690 Et
2378 2611 2581 2715 quod
2638 2630 2967 2715 potestas
3020 2629 3351 2690 teneatur
3406 2612 3820 2691 recerchare
3860 2613 4206 2690 comunia
4246 2630 4319 2689 et
4357 2613 4460 2691 in-

1275 2770 1584 2873 quirere.
1648 2767 1993 2847 uidelicet
2051 2770 2238 2848 inter
2295 2796 2373 2848 se
2431 2787 2504 2848 et
2536 2786 2799 2848 -sortes
2865 2768 3158 2848 liuratas
3211 2795 3338 2873 per
3394 2795 3736 2848 comune.

1268 3144 1420 3307 D
1433 3226 1490 3304 E
1545 3225 1782 3305 NON
1838 3227 2362 3308 FACIENDO
2419 3227 2829 3308 RIANAM
2886 3230 3081 3308 UEL
3137 3229 3710 3310 FOSSATUM.

1395 3441 1749 3643 fflssrfflu
1824 3576 2181 3637 statutum
2240 3577 2350 3637 est
2405 3557 2609 3661 quod
2666 3556 2905 3660 aliqua
2960 3582 3273 3660 persona
3346 3584 3500 3637 non
3557 3560 3793 3661 possit
3847 3557 4080 3639 facere
4136 3558 4456 3663 aliquam
4552 3531 4559 3542 ⁴

1272 3718 1554 3797 rianam
1614 3715 1730 3796 uel
1789 3714 2173 3796 fossatum.
2232 3714 2352 3794 uel
2409 3743 2676 3819 aquam
2761 3714 3027 3795 ducere
3109 3744 3236 3819 per
3316 3734 3816 3796 transuersum
3874 3719 4070 3797 uiam
4131 3717 4360 3798 bealis
4414 3746 4454 3797 a

1272 3874 1549 3977 brayda
1607 3845 2075 3954 sacerdotum
2137 3901 2364 3979 usque
2421 3874 2511 3953 ad
2571 3874 2770 3953 uiam
2827 3873 3300 3954 marencham
3340 3874 3472 3953 sub
3509 3902 3697 3978 pena
3746 3875 4157 3955 solidorum
4212 3904 4285 3955 111
4321 3904 4456 3981 pro

1274 4030 1600 4137 qualibet
1656 4051 1729 4111 et
1784 4030 2109 4136 qualibet
2165 4033 2350 4111 uice.
2410 4033 2503 4112 Et
2559 4029 2885 4135 quelibet
2940 4058 3253 4136 persona
3308 4033 3543 4136 possit
3599 4031 3692 4111 de
3746 4033 4092 4137 predictis
4164 4053 4459 4114 contra-

1274 4165 1627 4270 facientes
1682 4217 2043 4268 accusare.
2085 4208 2158 4268 et
2194 4190 2262 4269 ei
2304 4190 2721 4269 iuramento
2760 4189 3091 4268 credatur
3130 4208 3203 4269 et
3240 4189 3500 4269 habeat
3540 4192 3830 4270 tertiam
3890 4211 4167 4295 partem
4212 4193 4453 4274 banni.

1274 4346 1372 4426 Et
1428 4366 1760 4451 potestas
1816 4347 2051 4457 possit
2108 4347 2281 4426 inde
2339 4347 2725 4451 inquirere.

1263 4666 1882 4872 QALITER
1956 4748 2257 4845 AQUA
2339 4750 3161 4832 GRONDANARUM
3244 4753 3378 4832 ET
3459 4753 4033 4834 SEDIMINUM
4100 4756 4431 4836 DEBET

1576 4907 2118 4989 DISCOLARI
2172 4908 2307 4988 ET
2362 4908 2614 4988 LABI.
3824 4901 3831 4907 ’

1495 5264 1507 5295 ⁸
1596 5267 1754 5322 TEM
1809 5259 2166 5322 statutum
2224 5259 2335 5321 est
2391 5240 2596 5346 quod
2652 5240 2975 5347 quelibet
3028 5270 3342 5348 persona
3422 5246 3798 5349 permittat
3881 5266 3953 5326 et
4032 5251 4455 5352 permittere

1273 5398 1538 5479 debeat
1595 5398 1737 5480 labi
1796 5419 1869 5479 et
1922 5383 2270 5481 discolari
2328 5427 2596 5504 aquam
2670 5402 3222 5506 grondenarum
3279 5423 3353 5484 et
3408 5404 3881 5485 sediminurn.
3941 5426 4015 5487 et
4071 5407 4458 5489 hedificio-

1269 5584 1436 5637 rum
1495 5557 1837 5663 expedite
1896 5586 2023 5664 per
2081 5557 2244 5639 loca
2300 5586 2442 5664 que
2501 5558 2720 5641 solita
2780 5579 2952 5642 sunt
3006 5559 3150 5640 labi
3209 5580 3282 5642 et
3337 5561 3702 5643 discolari.
3791 5585 3864 5644 et
3946 5592 4258 5669 persona
4314 5594 4456 5672 que
