5117 6834
396 752 499 850 48

400 3548 501 3627 49

2333 336 2434 433 X

755 659 979 825 DE
1027 738 1342 818 COPIA
1379 736 1894 817 FACIENDA
1931 733 2680 817 CAPITULORUM
2714 732 2847 812 ET
2884 731 3912 814 ORDINAMENTORUM.

888 1019 956 1138 ἐξ
1086 1086 1242 1141 TEM
1305 1079 1660 1140 statutum
1725 1077 1835 1139 est
1900 1059 2100 1162 quod
2162 1076 2492 1163 potestas
2556 1076 2630 1136 et
2694 1058 3022 1136 notarius
3087 1057 3280 1135 curie
3345 1055 3790 1135 baennarum
3865 1074 3937 1134 et

770 1246 1030 1299 eorum
1086 1216 1336 1297 locum
1393 1234 1730 1297 tenentes
1783 1232 2170 1296 teneantur
2216 1233 2630 1294 monstrare
2670 1233 2742 1294 et
2780 1214 3169 1294 ostendere
3210 1240 3337 1293 seu
3376 1213 3669 1293 ostendi
3707 1211 3937 1293 facere

768 1375 1069 1456 cuilibet
1122 1401 1436 1479 persone
1500 1375 1644 1454 hoc
1700 1373 2093 1478 requirenti
2151 1373 2405 1452 omnia
2472 1368 2782 1475 capitula
2847 1388 2921 1449 et
2983 1369 3495 1450 ordinamenta
3551 1371 3609 1450 si
3666 1398 3806 1474 qua
3863 1372 3935 1449 in

768 1534 970 1613 libris
1034 1530 1520 1637 capitulorum
1587 1548 1661 1609 et
1724 1531 2413 1610 ordinamentorum
2476 1525 2765 1607 fuerint.
2823 1554 2965 1631 que
3031 1528 3165 1632 ipsi
3230 1553 3542 1631 persone
3609 1529 3753 1607 sint
3817 1554 3937 1606 ne·

769 1691 1076 1772 cessarie
1116 1708 1188 1769 et
1227 1687 1458 1767 facere
1498 1689 1789 1792 copiam
1845 1687 1938 1767 de
1997 1685 2198 1766 libris
2243 1687 2576 1790 ipsorum
2614 1683 3099 1790 capitulorum
3139 1703 3211 1764 et
3249 1684 3935 1764 ordinamentorum

768 1850 904 1954 ipsi
942 1873 1256 1953 persone
1312 1846 1433 1926 uel
1488 1844 1608 1925 alii
1663 1872 1798 1949 pro
1855 1872 1939 1924 ea
1996 1845 2152 1924 sine
2208 1842 2363 1923 ullo
2420 1843 2657 1923 loerio
2714 1844 2850 1922 sibi
2906 1841 3083 1922 dato
3131 1842 3251 1922 uel
3287 1844 3680 1947 promisso.
3733 1842 3940 1921 dum-

767 2005 1006 2085 modo
1061 1971 1393 2110 ipsorum
1433 2002 1787 2083 librorum
1842 2003 2054 2107 copia
2090 2002 2168 2081 in
2204 2002 2570 2106 presentia
2606 2001 2834 2106 ipsius
2869 2000 3257 2105 potestatis
3308 1999 3428 2081 uel
3486 2001 3642 2080 eius
3688 1999 3938 2079 locum

766 2164 1088 2243 tenentis
1146 2189 1274 2241 seu
1330 2160 1505 2241 dicti
1562 2160 1827 2240 notarii
1874 2160 2166 2263 ceperit.
2226 2159 2324 2238 ita
2378 2176 2631 2238 tamen
2696 2157 2896 2263 quod
2954 2158 3014 2236 si
3072 2156 3194 2237 illa
3245 2130 3560 2262 persona
3617 2185 3699 2237 ea
3755 2159 3940 2262 capi-

768 2319 920 2399 tula
972 2317 1094 2399 uel
1149 2318 1664 2398 ordinamenta
1700 2318 1966 2397 habere
2003 2315 2323 2445 uoluerit
2375 2342 2502 2419 per
2559 2314 2984 2419 exemplum
3022 2315 3225 2395 dicto
3265 2317 3556 2395 notario
3612 2317 3806 2395 curie
3845 2316 3937 2396 de

773 2474 1271 2581 exemplatura
1326 2476 1657 2580 ipsorum
1713 2491 2219 2577 competenter
2286 2471 2693 2552 satisfacere
2757 2491 3111 2552 teneatur.
3171 2474 3462 2577 insuper
3515 2472 3755 2552 dictus
3807 2501 3938 2552 no-

768 2635 992 2713 tarius
1045 2651 1378 2713 teneatur
1436 2630 1852 2736 exemplare
1908 2649 1981 2711 et
2035 2630 2207 2710 dare
2263 2629 2758 2735 exemplatam
2794 2657 3108 2735 persone
3154 2650 3486 2711 accusate
3541 2629 3661 2709 uel
3716 2630 3939 2710 incul-

767 2809 934 2896 pate
991 2789 1085 2870 de
1141 2789 1390 2895 aliquo
1453 2791 1701 2869 banno
1758 2816 1800 2868 a
1854 2789 2258 2893 quantitate
2323 2787 2738 2869 solidorum
2792 2815 2843 2867 v
2900 2807 2972 2868 et
3035 2786 3218 2867 infra
3289 2815 3424 2892 pro
3489 2787 3805 2868 denariis
3868 2816 3943 2869 111

769 2974 1170 3028 accussam.
1232 2966 1304 3026 et
1358 2973 1400 3025 a
1456 2945 1715 3026 solidis
1768 2972 1820 3024 v
1877 2973 2087 3050 supra
2163 2973 2298 3050 pro
2371 2945 2689 3025 denariis
2753 2973 2852 3026 Vl.
2921 2964 2994 3025 et
3047 2944 3234 3024 ultra
3298 2944 3660 3049 predictas
3723 2974 3944 3051 quan-

770 3107 1017 3186 titates
1074 3123 1319 3210 petere
1374 3104 1494 3184 uel
1551 3104 1815 3184 habere
1872 3122 2186 3208 nequeat
2240 3131 2375 3208 pro
2431 3106 2712 3183 accusis
2765 3102 3125 3208 aliquibus
3180 3102 3709 3207 exemplandi&

744 3451 1148 3659 QOD
1196 3530 1913 3613 MONSTRETUR
1968 3530 2112 3610 AD
2169 3529 2676 3611 OCCULUM
2730 3529 3065 3611 LOCUS
3102 3531 3234 3611 DE
3274 3532 3510 3627 QUO
3564 3532 3909 3612 FACTA

1057 3689 1244 3769 EST
1296 3686 1773 3769 ACCUSSA.

904 3929 1060 4096 ἕξις,
1091 4021 1246 4077 TEM
1310 4014 1663 4076 statutum
1721 4014 1832 4075 est
1887 3994 2087 4098 quod
2151 4013 2480 4100 potestas
2541 4013 2875 4075 teneatur
2937 3998 3168 4076 tacere
3233 3996 3525 4076 ostendi
3592 4015 3665 4076 et
3719 4023 3942 4076 mon-

776 4154 982 4234 strari
1036 4153 1126 4232 ab
1181 4171 1639 4233 accussatore
1678 4151 1975 4231 cuilibet
2009 4177 2324 4256 persone
2361 4170 2695 4233 accusate
2753 4172 2826 4232 et
2881 4154 3037 4232 eius
3090 4154 3397 4232 testibus
3451 4153 3542 4233 ad
3599 4155 3941 4235 occulum

774 4311 1026 4392 locum
1089 4312 1167 4390 in
1232 4337 1382 4416 quo
1447 4310 1855 4414 dampnum
1918 4306 2192 4389 factum
2257 4307 2471 4390 fuerit
2532 4309 2654 4390 uel
2717 4309 2791 4389 id
2857 4310 2950 4390 de
3014 4338 3165 4415 quo
3238 4312 3474 4415 ipsam
3545 4338 3942 4417 personam

773 4469 1222 4549 accusauerit
1277 4469 1336 4547 si
1393 4467 1563 4547 inde
1619 4495 1662 4547 a
1715 4493 2030 4572 persona
2066 4485 2400 4548 accusata
2437 4466 2652 4546 fuerit
2704 4467 3095 4570 requisitus
3130 4465 3309 4547 infra
3346 4470 3747 4549 terminum
3798 4468 3944 4549 def-

773 4625 1131 4707 fensionis
1194 4624 1364 4705 date
1428 4624 1756 4730 alioquin
1782 4626 1825 4664 '⁶
1879 4625 2073 4705 dicta
2136 4652 2395 4705 accusa
2449 4625 2544 4704 sit
2598 4622 2870 4704 nullius
2922 4624 3218 4705 ualoris.
3277 4625 3422 4705 hoc
3476 4626 3684 4706 saluo
3738 4628 3941 4732 quod

771 4803 1150 4863 accusator
1201 4783 1530 4888 priuatus
1584 4810 1741 4862 non
1796 4799 2129 4863 teneatur
2184 4781 2576 4864 ostendere
2623 4780 2876 4861 locum
2937 4781 3030 4862 de
3087 4810 3240 4888 quo
3293 4787 3736 4865 accusauerit
3790 4813 3943 4890 per-

773 4965 955 5019 sone
1011 4958 1346 5019 accusate
1403 4939 1532 5019 sed
1592 4940 1885 5020 notario
1941 4941 2064 5044 qui
2141 4940 2423 5044 scripsit
2475 4965 2839 5019 accusam.
2898 4941 3022 5042 qui
3083 4968 3238 5022 non
3301 4960 3632 5023 teneatur
3685 4963 3942 5048 postea

772 5115 1182 5178 monstrare
1230 5096 1512 5176 dictum
1561 5095 1811 5176 locum
1860 5122 2175 5201 persone
2222 5116 2553 5177 accusate
2581 5096 2626 5136 '‘
2679 5115 2752 5177 et
2802 5096 3003 5202 quod
3055 5096 3335 5177 dictum
3386 5099 3782 5205 capitulum
3837 5100 3943 5179 lo·

771 5280 942 5331 cum
997 5252 1261 5333 habeat
1325 5253 1717 5333 occasione
1781 5254 2331 5332 accusationum
2396 5251 2749 5333 factarum
2814 5255 3203 5334 occasione
3267 5253 3758 5358 dampnorum
3823 5256 3943 5336 da-

768 5428 1018 5490 torum
1071 5410 1529 5514 priuatorum
1585 5411 1740 5489 siue
1798 5411 1874 5488 in
1931 5411 2395 5490 comunibus.
2453 5410 2588 5517 (1)

909 5583 934 5610 ’
966 5583 1023 5637 si
1058 5601 1308 5639 accusans
1343 5585 1619 5654 requisitus
1645 5583 1799 5639 firerit
1836 5601 1928 5655 per
1964 5597 2263 5639 accusatum
2299 5585 2385 5639 uel
2422 5602 2514 5655 per
2550 5598 2869 5657 potestatem
2894 5598 3012 5657 post
3046 5588 3215 5658 ipsam
3249 5589 3644 5659 requisitionem
3678 5589 3812 5644 infra
3836 5602 3941 5644 tres

768 5704 879 5759 dies
915 5704 1116 5758 dictum
1150 5706 1331 5759 locum
1365 5722 1476 5759 non
1513 5706 1815 5760 ostenderet
1850 5705 2023 5759 soluat
2058 5707 2292 5760 bannum
2329 5707 2471 5778 quod
2508 5707 2771 5763 debuisset
2806 5708 3013 5763 soluere
3049 5722 3317 5764 accusatus
3353 5710 3391 5763 ’.
