5117 6834
1182 629 1258 727 f.—

1145 4303 1223 5139 &rat-*²2⁴²

1483 685 1571 731 111.
1658 617 1809 779 De
1856 670 1989 735 non
2036 667 2244 762 eundo
2293 691 2405 755 per
2452 666 2673 734 uillam
2720 686 2864 755 post
2911 666 3204 734 ultimam
3252 689 3643 756 campanam.

1656 848 1805 1025 De
1854 914 2073 981 bannis
2123 912 2514 1002 requirendis
2559 936 2672 1001 per
2717 931 3099 1001 potestatem
3147 926 3201 979 et
3248 916 3495 980 termino
3539 884 3928 1003 deffensioni's.

1648 1106 1923 1282 Quod
1971 1159 2347 1227 conscilium
2396 1160 2598 1247 possit
2644 1160 2965 1227 licentiam
3018 1160 3163 1226 dare
3210 1159 3289 1226 de
3338 1158 3645 1248 capitulis,

1654 1325 1802 1508 Qe
1850 1404 2319 1473 conditionibus
2368 1403 2516 1471 uille
2564 1403 2908 1531 soluendis,

1455 1660 1568 1707 1111·
1647 1597 1921 1773 Quod
1969 1667 2247 1738 potestas
2294 1649 2451 1717 nihil
2498 1650 2648 1717 dare
2695 1653 2897 1738 possit
2942 1651 3020 1717 de
3068 1649 3252 1717 bonis
3300 1652 3615 1718 comunis,

1645 1841 1919 2016 Quod
1966 1913 2243 1985 potestas
2288 1896 2498 1963 debita
2543 1919 2656 1962 sua
2702 1896 2952 1963 soluere
2998 1914 3300 1963 teneatur.

1647 2092 1796 2241 ρει
1844 2140 1990 2208 feno
2036 2164 2167 2208 non
2213 2140 2520 2230 capiendo
2567 2164 2680 2229 per
2724 2158 3101 2230 potestatem
3149 2164 3265 2209 nec
3310 2141 3389 2209 de
3435 2144 3577 2208 uuis
3622 2165 3740 2209 nec
3786 2141 3865 2210 de
3913 2144 4088 2210 ortis,

1496 2397 1559 2442 V·
1644 2333 1919 2509 Quod
1967 2390 2250 2456 extranei
2297 2410 2428 2454 non
2476 2405 2734 2475 portent
2781 2410 2956 2455 arma
3002 2411 3114 2476 per
3158 2387 3397 2455 uillam.

1476 2643 1560 2688 VI·
1648 2582 1799 2735 De
1847 2632 2532 2722 condempnationibus
2583 2631 2905 2700 faciendis,

1448 2888 1556 2935 V11·
1645 2825 1920 3001 Quod
1968 2879 2235 2947 emende
2283 2881 2580 2947 comunis
2627 2880 2856 2947 dentur
2905 2902 2939 2946 a
2985 2878 3282 2948 clauario.

1644 3073 1796 3222 De
1843 3123 2149 3191 caualaria
2193 3123 2413 3209 danda.

1638 3315 1917 3488 Quod
1965 3368 2268 3437 conscilia
2315 3368 2602 3459 legantur
2646 3372 2715 3437 in
2762 3370 3089 3439 conscilio.

1416 3624 1549 3669 vm.
1639 3565 1792 3718 De
1838 3618 2045 3683 citatis
2091 3639 2203 3704 per
2249 3633 2652 3705 potestatem.

1640 3811 1794 3962 De
1841 3885 1999 3951 pena
2046 3862 2432 3951 imponenda
2477 3885 2590 3950 per
2635 3879 3014 3950 potestatem
3060 3885 3182 3951 pro
3230 3863 3452 3930 bannis
3500 3863 3913 3932 excutiendis,

1636 4053 1914 4224 Quod
1960 4125 2239 4196 potestas
2286 4131 2418 4175 non
2465 4109 2670 4196 possit
2719 4106 2921 4176 facere
2967 4107 3104 4175 fieri
3150 4108 3412 4176 cridam.

1380 4359 1539 4404 vnn.
1637 4298 1911 4469 Quod
1958 4371 2235 4441 potestas
2283 4376 2414 4421 non
2461 4355 2664 4443 capiat
2709 4353 2986 4443 aliquem
3033 4354 3448 4443 personaliter
3491 4355 3570 4422 de
3618 4355 3899 4424 baennis.

1370 4650 1381 4659 .
1451 4607 1538 4649 XI·
1636 4543 1917 4716 Quod
1963 4597 2171 4666 nullus
2219 4575 2455 4666 elector
2500 4601 2704 4687 possit
2751 4623 2819 4667 se
2866 4599 3119 4689 eligere.

1408 4852 1540 4897 xm.
1632 4792 1793 4943 De
1840 4842 2260 4933 appellatione
2306 4867 2342 4911 a
2387 4847 2701 4934 preceptis
2750 4847 3099 4934 potestatis,

1408 5100 1537 5144 XVI·
1632 5039 1786 5190 De
1832 5090 2104 5179 psalario
2150 5093 2503 5181 potestatis.

1633 5285 1786 5437 De
1834 5337 1956 5425 hijs
2003 5339 2113 5427 qui
2157 5339 2595 5427 intelliguntur
2643 5338 3024 5407 habitatores
3072 5337 3476 5407 baennarum.

1628 5530 1779 5685 De
1827 5581 2043 5651 electis
2089 5583 2167 5650 ad
2212 5582 2613 5651 conscilium.
