5117 6834
764 1443 864 1522 88

776 4910 877 4987 90

1126 600 1456 707 piscandi
1511 602 1588 681 in
1641 599 1791 682 fine
1848 600 2255 681 bennarum
2319 599 2516 706 lequi
2588 598 2711 681 uel
2783 563 3268 705 costamagne
3341 599 3521 681 illud
3595 598 3860 680 debeat
3932 598 4309 684 destruere

1130 777 1204 839 et
1256 784 1608 839 amouere
1663 783 1794 839 seu
1849 756 2125 839 destrui
2181 774 2254 837 et
2307 756 2644 838 amoueri
2708 755 2942 837 facere
2996 755 3168 837 hinc
3224 755 3316 836 ad
3370 755 3799 862 proximum
3865 755 4137 837 festum
4188 782 4311 861 pa-

1131 914 1372 996 scatis.
1430 933 1504 996 et
1557 916 1796 1020 pisces
1850 914 1975 1021 qui
2030 915 2109 995 in
2162 914 2379 995 dictis
2431 913 2757 1019 ingeniis
2810 911 2992 994 infra
3047 913 3330 993 dictum
3374 912 3777 993 terminum
3814 911 4003 1016 capti
4042 910 4312 992 luerint

1129 1091 1463 1176 aportare
1501 1097 1630 1152 seu
1668 1073 1984 1177 aportari
2019 1073 2253 1152 lacere
2290 1089 2625 1152 teneatur
2670 1070 2747 1152 in
2783 1069 3040 1150 uillam
3077 1071 3484 1150 bennarum
3533 1087 3606 1148 et
3644 1094 3777 1150 eos
3815 1069 3914 1148 ibi
3960 1067 4307 1148 uendere.

1095 1391 1501 1598 QJOD
1582 1470 2114 1554 POTESTAS
2193 1472 2432 1554 NON
2512 1472 2867 1554 POSSIT
2937 1472 3415 1555 EXPENSIS
3485 1470 3957 1554 COMUNIS
4025 1472 4282 1554 NUN-

1411 1627 1656 1709 TIOS
1717 1626 2199 1712 MITTERE.

1235 1808 1422 2009 Q
1452 1932 1609 1988 TEM
1649 1925 2002 1987 statutum
2041 1925 2154 1987 est
2190 1906 2392 2012 quod
2446 1923 2778 2012 potestas
2804 1932 2961 1986 non
2987 1906 3227 2011 possit
3278 1907 3572 1988 mittere
3608 1904 3931 2012 aliquem
3966 1906 4312 1987 nuntium

1136 2065 1477 2170 expensis
1532 2063 1874 2144 comunis
1927 2063 2332 2143 bennarum
2387 2064 2664 2167 absque
2717 2061 3101 2144 uoluntate
3174 2061 3500 2167 conscilij
3559 2062 3680 2148 uel
3725 2063 4029 2143 maioris
4088 2064 4314 2168 partis

1135 2222 1255 2301 uel
1312 2220 1767 2302 sindicorum
1821 2219 1994 2299 dicti
2052 2221 2417 2300 comunis.

1102 2557 1504 2763 QJOD
1559 2635 2075 2720 CAPITULA
2127 2636 2238 2719 IN
2240 2635 2972 2721 TELLIGANTUR
3041 2636 3391 2720 SALUIS
3451 2637 3847 2723 IURIBUS
3900 2639 4036 2721 ET
4091 2639 4279 2722 HO-

1412 2793 1864 2889 NORIBUS
1925 2792 2642 2894 ILLUSTRISSIMI
2702 2793 3212 2878 PRINCIPIS.
3275 2794 3412 2903 (3)

1232 2956 1422 3159 ἒξ
1455 3083 1612 3139 TEM
1668 3075 2022 3140 statutum
2068 3075 2179 3137 est
2224 3054 2426 3161 quod
2483 3056 2741 3136 omnia
2795 3054 3107 3161 capitula
3161 3057 3639 3162 suprascripta
3691 3056 3812 3136 uel
3866 3055 4315 3162 infrascripta

1141 3215 1644 3320 intelligantur
1704 3233 1777 3294 et
1832 3213 2313 3295 obseruentur
2370 3211 2593 3293 saluis
2650 3211 3063 3293 honoribus
3117 3230 3191 3293 et
3254 3213 3531 3293 iuribus
3584 3177 4055 3294 illustrissimi
4108 3214 4314 3318 prin-

1140 3372 1320 3477 cipis
1382 3390 1456 3453 et
1520 3371 1670 3452 suis
1725 3369 2176 3451 libertatibus
2230 3386 2303 3449 et
2356 3369 2717 3474 preceptis
2771 3387 2845 3450 et
2900 3369 3233 3475 capitulis
3301 3370 3607 3451 ecclesie
3672 3369 3806 3478 (4)
3872 3389 3947 3451 et
4005 3369 4099 3451 de
4165 3397 4313 3451 ma·

1140 3529 1398 3610 leficiis
1451 3527 1759 3609 offensis
1814 3526 1907 3607 de
1944 3527 2208 3631 quibus
2259 3551 2447 3630 pena
2485 3525 2562 3605 in
2610 3515 2944 3630 capitulis
2994 3552 3148 3606 non
3204 3528 3622 3607 continetur
3675 3527 3931 3632 puniat
3982 3545 4314 3632 potestas

1139 3682 1620 3791 personaliter
1673 3682 1794 3762 uel
1847 3680 2362 3787 peccunialiter
2418 3681 2848 3761 secundum·
2881 3681 2995 3762 ius
3032 3700 3105 3761 et
3141 3683 3756 3763 consuetudinem
3812 3683 4091 3765 bonam
4133 3684 4311 3764 ben-

1141 3869 1424 3924 narum.
1480 3842 1628 3955 hoc
1665 3859 1916 3920 tamen
1956 3837 2162 3919 saluo
2201 3857 2272 3918 et
2310 3837 2691 3918 intellecto
2745 3836 2947 3943 quod
3000 3857 3397 3944 postquam
3453 3839 3765 3944 capitula
3811 3841 3998 3921 facta
4043 3839 4311 3921 fuerint

1139 4026 1268 4105 per
1296 3996 1810 4104 capitulatores
1839 4013 1914 4075 et
1939 3993 2372 4076 confirmata
2409 4020 2536 4099 per
2573 3993 3148 4075 illustrissimum
3176 3994 3578 4099 principem
3614 3995 3732 4076 uel
3774 3997 3931 4077 eius
3956 3998 4313 4078 uicarium

1142 4158 1218 4238 in
1273 4153 1633 4261 principio
1701 4151 2087 4256 regiminis
2152 4177 2308 4232 non
2360 4152 2598 4256 possit
2662 4169 2919 4255 postea
2986 4152 3253 4233 mutari
3328 4153 3590 4233 cassari
3652 4152 3774 4233 uel
3834 4153 4178 4259 restringi
4234 4155 4313 4235 in

1140 4313 1391 4418 aliquo
1456 4337 1585 4417 per
1646 4326 2093 4414 potestatem
2168 4307 2287 4387 uel
2362 4307 2517 4387 eius
2590 4308 3222 4389 locumtenentem
3288 4307 3594 4390 durante
3658 4310 3853 4391 illius
3922 4310 4314 4414 potestatis

1141 4455 1505 4574 regimine
1560 4466 1684 4572 qui
1739 4492 1873 4571 pro
1928 4483 2263 4569 tempore
2317 4462 2551 4544 fuerit.

1102 4845 1324 5011 DE
1375 4924 1847 5009 RATIONE
1899 4923 2234 5007 TALEE
2285 4926 2864 5010 REDDENDA.

1233 5088 1422 5292 Q
1457 5222 1613 5279 TEM
1669 5215 2022 5278 statutum
2080 5213 2191 5276 est
2244 5194 2447 5306 quod
2503 5193 2810 5300 quilibet
2864 5193 3219 5275 collector
3272 5193 3579 5275 alicuius
3631 5194 3820 5275 talee
3875 5213 4206 5276 teneatur
4236 5213 4311 5276 et

1139 5355 1402 5437 debeat
1455 5354 1688 5436 facere
1742 5356 2108 5436 rationem
2163 5352 2256 5434 de
2310 5354 2465 5458 ipsa
2519 5351 2709 5434 talea
2762 5379 2904 5459 que
2959 5351 3096 5434 sibi
3162 5351 3329 5433 data
3381 5351 3595 5432 fuerit
3649 5350 3740 5433 ad
3797 5351 4308 5457 colligendum

1139 5512 1319 5593 insta
1373 5539 1713 5595 mensem
1776 5538 2008 5592 unum
2060 5530 2233 5617 post
2294 5510 2696 5592 terminum
2760 5511 3247 5592 constitutum
3300 5508 3393 5590 ad
3457 5507 3959 5614 colligendam
4033 5507 4305 5589 dictam
