5117 6834
2361 213 2463 285 XI
2481 278 2486 281 ,

806 520 881 623 f·
957 577 1201 625 Lxxxn.
1277 516 1427 674 ..D-e
1473 587 1605 634 non
1652 561 2064 652 impediendo
2112 563 2284 630 uiam
2331 560 2596 651 pernalli
2642 563 2711 629 in
2759 561 3014 649 ayralia.

1278 762 1427 916 De
1473 810 1784 902 lapidibus
1829 832 1962 878 non
2008 808 2398 899 proiciendis
2443 810 2511 876 in
2557 810 2703 876 uiis,

1273 1002 1489 1179 Qui
1534 1055 1809 1123 uoluerit
1855 1055 2136 1146 plantare
2180 1054 2444 1144 plantas.

1280 1254 1433 1410 DJ
1479 1302 1852 1371 habentibus
1898 1321 2098 1370 terras
2144 1326 2180 1370 a
2228 1304 2343 1370 uia·
2375 1304 2539 1371 cerri
2584 1326 2783 1392 usque
2829 1304 2906 1372 ad
2951 1323 3186 1393 portas.

1280 1500 1428 1627 De
1474 1582 1607 1627 non
1655 1558 1949 1627 faciendo
1995 1561 2241 1627 rianam
2288 1557 2391 1626 uel
2437 1559 2767 1626 fossatum.

803 1768 878 1869 f·
940 1824 1198 1873 Lxxxm.
1278 1746 1429 1868 De
1475 1795 1716 1864 fossato
1762 1795 2055 1863 faciendo
2100 1819 2137 1863 a
2182 1812 2469 1864 montata
2498 1795 2712 1884 plobie
2757 1818 2956 1885 usque
3001 1795 3080 1864 ad
3124 1782 3334 1865 costas
3380 1818 3564 1865 secus
3620 1801 3796 1867 uiam
3848 1822 3980 1868 sar-

1616 1964 1896 2031 matorii.

1278 2150 1428 2325 Ee
1476 2201 1716 2269 fossato
1761 2200 2053 2267 faciendo
2098 2221 2279 2267 secus
2326 2184 2573 2269 cestam
2615 2198 2845 2268 banalli
2893 2224 3088 2290 usque
3135 2200 3214 2268 ad
3259 2201 3457 2271 finem
3504 2205 3705 2273 sancti
3752 2203 3985 2273 albani.

1241 2397 1426 2566 ·I?-e
1473 2447 1712 2515 fossato
1761 2446 2053 2514 faciendo
2104 2469 2215 2536 per
2261 2448 2435 2514 uiam
2479 2451 2682 2515 sancti
2727 2447 3063 2516 quenalis

1280 2643 1430 2812 -D-e
1476 2692 1729 2761 fossatis
1776 2692 2079 2761 faciendis
2125 2716 2313 2789 super
2359 2693 2548 2783 plano
2596 2697 2795 2762 sancti
2841 2695 3098 2763 faustini
3143 2713 3208 2763 et
3253 2695 3439 2765 elexi.

800 2906 875 3006 f.
913 2963 1205 3013 Lxxxnm
1281 2889 1429 3061 Ee
1476 2950 1599 3016 uiis
1646 2948 1930 3037 aptandis
1977 2951 2045 3017 in
2091 2950 2239 3017 uilla
2287 2950 2678 3019 baennarum
2726 2903 2900 3019 etin
2949 2951 3207 3039 ayralia.

1281 3136 1431 3305 He
1478 3209 1608 3254 non
1654 3186 1892 3254 arando
1940 3189 2126 3316 uiam.
2161 3205 2411 3277 captam
2460 3189 2565 3277 uel
2611 3208 2914 3280 emptam.

1276 3381 1426 3503 De
1471 3432 1844 3500 habentibus
1891 3437 2327 3522 possessiones
2372 3458 2484 3525 per
2529 3438 2703 3503 uiam
2751 3435 2943 3504 bealis
2988 3436 3067 3503 ab
3113 3436 3306 3505 horto
3351 3436 3596 3505 henrici
3643 3438 3722 3508 de
3755 3457 3850 3507 ast
3882 3462 3984 3507 su-

1614 3603 1844 3690 petius,

1281 3785 1430 3955 ..D-e
1478 3843 1717 3912 fossato
1762 3842 2052 3911 faciendo
2097 3865 2209 3932 per
2252 3844 2426 3910 uiam
2472 3843 2653 3933 podii
2682 3866 2718 3911 a
2750 3861 2938 3912 strata
2983 3867 3183 3933 usque
3227 3845 3307 3913 ad
3337 3861 3558 3913 uotam
3603 3845 3803 3936 podii.

799 4048 875 4149 f.
953 4106 1191 4155 Lxxxv.
1284 4039 1434 4201 De
1478 4092 1583 4158 uia
1631 4090 1783 4157 mali
1829 4091 2079 4172 scatoni
2125 4089 2428 4157 facienda.

1283 4279 1556 4450 Quod
1601 4356 1881 4428 potestas
1928 4331 2071 4404 non‘
2105 4336 2309 4426 possit
2356 4333 2723 4403 recerchare
2767 4335 2904 4401 uias
2952 4334 3211 4424 aliquas.

1280 4526 1429 4651 De
1476 4578 1797 4644 massariis
1829 4574 2133 4664 eligendis
2166 4596 2356 4664 super
2402 4574 2678 4641 fossatis.

1278 4773 1427 4937 Ee
1474 4825 1676 4892 cessia
1720 4821 2050 4913 strepanda
2095 4821 2173 4890 ad
2217 4819 2538 4888 uillarium
2584 4835 3014 4910 costemagne.

1276 5015 1554 5201 Qod
1598 5067 1707 5135 fiat
1753 5067 2063 5135 fossatum
2108 5069 2176 5134 in
2222 5089 2386 5135 cona
2430 5069 2605 5135 iuxta
2649 5087 2947 5135 comune.

798 5275 875 5377 f·
933 5332 1193 5381 Lxxxvt.
1277 5255 1428 5428 De
1475 5315 1716 5384 fossato
1762 5314 2053 5382 faciendo
2083 5314 2162 5382 ad
2192 5316 2403 5383 riuum
2450 5313 2692 5385 Rubee.
