5117 6834
733 3524 888 3599 214

1111 1672 1510 1776 approbata
1563 1695 1691 1774 per
1746 1667 2142 1747 dominum
2181 1668 2525 1746 ubertum
2566 1664 2657 1745 de
2697 1664 3195 1745 corsenbrado
3242 1664 3929 1770 archipresbiterum
3985 1669 4298 1749 astensis

1112 1827 1417 1911 ecclesie
1457 1847 1530 1908 et
1558 1854 1685 1932 per
1723 1826 2120 1906 dominum
2160 1823 2548 1905 oddonem
2587 1841 2928 1928 garetum
2967 1824 3412 1903 canonicum
3449 1826 3763 1905 astensis
3800 1825 4106 1906 ecclesie
4136 1853 4299 1906 arn-

1114 1987 1254 2067 bos
1306 1986 1624 2066 uicarios
1680 1981 2066 2089 generales
2122 1983 2365 2062 tocius
2419 1979 2716 2086 capituli
2758 1999 2869 2060 -et
2902 1981 3390 2086 Episcopatus
3462 1983 3796 2063 astensis.
3881 1983 4299 2089 Episcopali

1116 2143 1288 2224 sede
1345 2161 1652 2223 uacante
1706 2143 1870 2220 uice
1929 2160 2002 2220 et
2056 2142 2365 2220 nomine
2422 2139 2737 2220 astensis
2793 2138 3125 2219 ecclesie.
3185 2140 3279 2218 Et
3318 2166 3408 2218 ex
3448 2141 3712 2245 uigore
3752 2160 3826 2221 et
3863 2143 4298 2223 auctoritate

1115 2306 1378 2381 eorum
1433 2300 1703 2379 uicarie
1756 2298 2109 2403 predicte.
2166 2298 2513 2402 Exceptis
2570 2296 2923 2376 omnibus
2978 2295 3317 2400 capitulis
3372 2298 3447 2376 in
3504 2298 3769 2401 quibus
3804 2326 3994 2403 pena
4033 2327 4306 2404 corpo-

1112 2457 1283 2539 ralis
1339 2484 1468 2538 seu
1528 2458 1914 2562 sanguinis
1969 2457 2413 2536 continetur.
2473 2456 2549 2534 in
2606 2455 2874 2559 quibus
2929 2455 3336 2559 exceptatis
3391 2454 3749 2560 capitulis
3807 2456 4116 2560 predicti
4174 2457 4305 2537 do-

1116 2618 1301 2696 mini
1358 2617 1630 2718 uicarij.
1691 2616 1870 2720 quin
1927 2614 2185 2695 fuisset
2241 2616 2575 2719 ipsorum
2616 2613 2965 2694 ordinem
3005 2615 3081 2693 in
3118 2611 3401 2693 nichilo
3441 2634 4002 2694 consenserunt.
4047 2617 4304 2711 Quam

1116 2773 1423 2881 quidem
1481 2773 2134 2854 confirmationem
2191 2772 2519 2853 fecerunt
2594 2772 2902 2877 predicti
2959 2772 3252 2853 domini
3306 2773 3558 2852 uicarii
3616 2775 4057 2855 examinatis
4110 2776 4310 2879 prius

1118 2932 1516 3037 diligenter
1573 2931 1789 3012 dictis
1844 2930 2181 3036 capitulis
2237 2959 2408 3011 cum
2466 2931 3069 3036 capitulatoribus
3125 2933 3579 3011 baennarum
3618 2933 3693 3011 in
3733 2952 3974 3013 castro
4013 2934 4311 3038 Episco-

1120 3089 1264 3196 pali
1321 3090 1799 3170 baennarum.
1842 3089 2077 3170 silicet
2116 3091 2192 3169 in
2249 3087 2524 3195 capella
2582 3092 2796 3169 castri
2852 3090 3183 3195 predicti.

1139 3420 1357 3585 DE
1416 3499 1660 3579 ILLIS
1717 3496 1907 3594 QUI
1959 3493 2479 3577 ACCUSATI
2532 3492 2810 3573 SUNT
2865 3486 3370 3572 BOSCASSE
3422 3487 3533 3568 IN
3588 3483 4015 3565 BOSCHIS
4071 3483 4308 3563 BAN-

1446 3656 1719 3739 NITIS
1770 3653 1970 3751 UEL
2024 3650 2492 3733 ALICUIUS
2547 3647 3016 3732 PERSONE
3068 3645 3588 3727 SPECIALIS.
4162 3644 4165 3648 ’
4293 3633 4299 3639 ’

1264 3874 1601 4075 ΞὲΤΕΜ
1657 3984 2015 4046 statutum
2073 3986 2185 4045 est
2240 3965 2444 4070 quod
2503 3967 2565 4045 si
2620 3966 2863 4072 aliqua
2900 3938 3217 4072 persona
3255 3966 3590 4069 accusata
3645 3968 3860 4049 fuerit
3913 3969 4035 4049 uel
4091 3970 4315 4050 incul-

1125 4143 1294 4229 pata
1348 4115 1746 4204 boschasse
1804 4125 1878 4203 in
1936 4122 2186 4228 aliquo
2246 4124 2531 4205 boscho
2588 4126 2898 4205 bannito
2953 4124 3075 4205 uel
3131 4126 3207 4204 in
3264 4124 3550 4205 boscho
3632 4125 3937 4207 alicuius
3998 4155 4314 4232 persone

1129 4281 1463 4387 specialis
1508 4282 1689 4393 ‘finis
1746 4284 2222 4361 baennarum.
2310 4266 2384 4363 et
2467 4282 2663 4363 dicta
2716 4310 3030 4389 persona
3092 4283 3558 4364 boschauerit
3611 4284 3705 4364 ad
3763 4311 3954 4389 opus
4008 4283 4317 4393 alicuius

1127 4466 1440 4544 persone
1479 4438 1778 4518 alterius
1835 4440 1909 4518 in
1965 4440 2253 4519 boscho
2307 4443 2659 4545 prulliettl.
2724 4443 2920 4543 quod
2988 4441 3106 4519 illa
3162 4469 3478 4545 persona
3532 4442 3621 4521 ad
3682 4444 3890 4522 cuius
3945 4471 4136 4549 opus
4188 4444 4317 4524 bo-

1128 4596 1489 4677 schauerit
1546 4614 1881 4679 teneatur
1937 4595 2229 4677 soluere
2287 4598 2611 4677 bannum
2675 4623 2744 4679 et
2804 4599 3198 4679 emendam
3256 4627 3477 4705 quarn
3535 4600 3708 4681 inde
3766 4600 4055 4682 soluere
4102 4602 4317 4682 debe-

1126 4774 1236 4834 ret
1291 4754 1483 4834 dicta
1538 4781 1856 4859 persona
1911 4775 2246 4835 accusata
2303 4759 2696 4835 occasione
2760 4759 3101 4859 predicta.
3163 4777 3235 4838 et
3291 4760 3437 4839 hoc
3495 4757 3949 4862 intelligatur
4006 4762 4067 4839 si
4123 4760 4319 4841 dicta

1124 4939 1439 5017 persona
1498 4912 1866 5016 inculpata
1921 4910 2042 4992 uel
2098 4939 2435 4993 accusata
2495 4943 2647 4991 not]
2691 4915 3020 4995 habuerit
3064 4916 3142 4994 in
3180 4916 3488 4995 baennis
3525 4915 3721 4994 unde
3761 4892 4004 4996 soluat
4042 4917 4316 4998 dictam

1123 5098 1418 5176 penam.
1477 5089 1551 5151 et
1607 5072 1666 5151 si
1724 5070 1917 5150 dicta
1973 5097 2289 5176 persona
2346 5090 2684 5152 accusata
2740 5058 3271 5178 contempserit
3327 5100 3755 5179 comparere
3813 5102 4065 5155 coram
4124 5078 4319 5156 curia

1124 5229 1574 5309 baennarum
1615 5228 1706 5308 ad
1761 5229 2245 5333 aquitandum
2301 5229 2587 5310 dictum
2643 5197 2974 5311 bannum
3029 5231 3492 5312 absentando
3550 5259 3627 5312 se
3685 5232 3777 5312 de
3828 5252 4018 5313 terra
4072 5233 4316 5348 taliter

1125 5386 1329 5493 quod
1386 5388 1700 5467 inueniri
1756 5415 1911 5467 non
1972 5389 2249 5493 poterit
2308 5389 2382 5467 in
2438 5408 2629 5468 terra
2684 5416 2811 5495 per
2867 5390 3267 5469 dominum
3304 5409 3752 5495 potestatem
3811 5391 3930 5471 uel
3989 5393 4148 5473 eius
4204 5392 4321 5473 lo-

1126 5563 1707 5626 cumtenentem.
