5117 6834
828 815 973 895 295
1200 710 1607 923 QJOD
1659 796 2076 895 ALIQUIS
2130 799 2584 885 NUNCIUS
2639 802 2847 885 NEC
2899 803 3480 890 FAMILIARIS
3549 806 4192 891 POTESTATIS
4245 807 4383 891 ET

1516 954 1818 1039 CURIE
1871 955 2112 1039 NON
2167 956 2547 1041 FACIAT
2584 959 3202 1044 CUSTODIAM
3253 962 3464 1047 PRO
3519 962 3955 1063 ALIQUO.

1327 1168 1519 1377 ἕξ
1539 1279 1696 1334 τΕΜ
1753 1270 2106 1334 statutum
2147 1270 2260 1331 est
2308 1252 2510 1356 quod
2567 1250 2831 1356 aliquis
2893 1252 3208 1331 nuncius
3263 1277 3393 1331 seu
3451 1243 3827 1330 familiaris
3878 1253 4271 1356 potestatis
4326 1272 4399 1331 et

1149 1437 1154 1442 ·
1222 1412 1417 1491 curie
1474 1438 1627 1491 non
1687 1411 1922 1515 possit
1978 1409 2210 1489 facere
2267 1408 2683 1489 custodiam
2721 1436 2858 1513 pro
2896 1408 3138 1513 aliqua
3174 1435 3489 1514 persona
3546 1408 3639 1488 de
3697 1408 4003 1489 ba'ennis
4042 1412 4176 1490 sub
4212 1437 4401 1515 pena

1225 1568 1640 1651 solidorum
1697 1596 1746 1648 x
1805 1595 1939 1671 pro
2012 1567 2345 1672 quolibet
2418 1565 2723 1646 famulo.
2784 1587 2855 1646 et
2912 1567 3327 1647 solidorum
3382 1595 3429 1645 x
3484 1594 3621 1671 pro
3689 1566 4012 1672 qualibet
4084 1595 4402 1672 persona

1223 1752 1359 1831 pro
1397 1754 1538 1832 qua
1577 1726 1843 1805 faceret
1899 1724 2337 1805 custodiam.
2397 1725 2488 1805 Et
2546 1725 2817 1804 eodem
2874 1724 3111 1804 modo
3166 1723 3620 1829 intelligatur
3657 1725 3750 1805 de
3790 1725 4156 1805 decanis*
4192 1725 4402 1806 saluo

1225 1883 1426 1988 quod
1483 1882 1737 1964 decani
1797 1884 2084 1988 possint
2140 1885 2371 1962 lacere
2438 1884 2854 1962 custodiam
2921 1883 3130 1962 omni
3188 1903 3409 1963 nocte
3464 1911 3601 1987 pro
3657 1909 3811 1962 uno
3868 1903 3942 1963 et
3995 1910 4151 1963 non
4217 1882 4403 1963 ultra

1226 2041 1567 2121 cubando
1622 2041 1712 2121 ad
1772 2041 2044 2120 dictam
2102 2040 2517 2120 custodiam
2577 2060 2734 2120 tota
2791 2060 3011 2120 nocte
3069 2042 3421 2121 continue
3456 2041 3521 2120 ’ἦ
3563 2043 3655 2122 Et
3713 2039 4036 2147 quelibet
4089 2069 4405 2147 persona

1225 2201 1462 2305 possit
1532 2198 1702 2278 inde
1767 2226 2103 2278 accusare
2162 2218 2234 2278 et
2291 2199 2355 2277 ei
2405 2177 2746 2277 ⁴credatur
2820 2200 3259 2278 iuramento.
3317 2199 3409 2279 Et
3472 2219 3802 2303 potestas
3875 2201 4110 2305 possit
4176 2218 4250 2280 et
4304 2219 4406 2280 te-

1227 2375 1484 2436 neatur
1543 2355 1712 2435 inde
1769 2356 2156 2460 inquirere.
2215 2374 2293 2440 Et
2337 2374 2392 2440 si
2440 2376 2835 2461 contingeret
2891 2373 3061 2461 quod
3109 2373 3331 2462 aliquis
3378 2396 3456 2439 ex
3502 2372 3687 2440 dictis
3741 2376 3989 2441 nunciis
4045 2397 4156 2441 seu
4218 2374 4409 2442 fami-

1227 2529 1483 2598 liaribus
1528 2530 1632 2596 uel
1677 2530 1930 2597 decanis
1978 2529 2207 2597 faceret
2253 2530 2608 2598 custodiam
2656 2553 2772 2619 pro
2821 2530 3025 2619 aliqua
3072 2552 3345 2619 persona
3374 2549 3438 2597 et
3469 2533 3727 2619 reperiri
3772 2550 3988 2619 posset
4034 2534 4407 2620 exercitasse

1227 2710 1337 2777 per
1382 2705 1631 2755 testem.
1681 2687 1852 2777 quod
1898 2710 2125 2756 omnes
2188 2677 2407 2755 accuse
2473 2711 2625 2775 quas
2682 2687 2940 2755 fecerint
2996 2706 3135 2755 toto
3181 2686 3294 2755 illo
3340 2710 3507 2756 anno
3553 2689 3679 2755 sint
3734 2688 3968 2755 nullius
4023 2688 4279 2756 valoris.
4330 2689 4407 2756 Et

1228 2844 1404 2935 quod*
1445 2847 1500 2912 si
1546 2845 1750 2935 aliqua
1795 2868 2063 2934 persona
2111 2845 2326 2913 fecerit
2377 2845 2510 2912 fieri
2558 2844 2912 2912 custodiam
2959 2844 3256 2933 predictis
3304 2843 3714 2912 familiaribus
3760 2845 3861 2912 uel
3907 2845 4160 2914 decanis
4205 2846 4410 2913 soluat

1228 3026 1347 3092 pro
1392 3026 1552 3092 pena
1599 3001 1840 3070 solidos
1887 3025 1965 3071 Lx
2012 3022 2074 3070 et
2104 3025 2330 3070 omnes
2378 3026 2476 3069 res
2522 3003 2691 3070 illius
2735 3002 2876 3069 talis
2922 3024 3193 3090 persone
3240 3004 3366 3070 sint
3412 3001 3783 3070 disbannite.
3833 3004 3910 3070 Et
3956 3001 4233 3091 quelibet
4267 3026 4408 3091 per-

1229 3183 1386 3229 sona
1432 3162 1508 3228 de
1553 3161 1852 3250 predictis
1897 3162 2098 3249 possit
2144 3182 2435 3227 accusare
2482 3178 2543 3226 et
2591 3161 2648 3227 ei
2694 3162 3050 3227 iuramento
3096 3160 3402 3227 credatur.
3450 3159 3562 3250 (2)

833 3651 880 3760 ¹2
889 3626 988 3729 96
1212 3547 1616 3756 QUOD
1673 3628 2084 3725 ALIQUIS
2139 3628 2378 3711 NON
2430 3628 2985 3711 ASCENDAT
3038 3630 3355 3713 SUPER
3411 3631 4028 3716 CAMPANILE.

1338 3839 1530 4048 ἓξ
1549 3960 1706 4015 TEM
1761 3950 2116 4013 statutum
2174 3949 2285 4011 est
2340 3930 2541 4035 quod
2581 3928 2820 4034 aliqua
2877 3956 3189 4034 persona
3236 3953 3394 4010 non
3448 3931 3684 4034 possit
3740 3930 4136 4010 ascendere
4194 3957 4409 4035 super
4529 4042 4537 4049 μ

1233 4091 1640 4199 campanile
1713 4118 1850 4171 nec
1921 4115 2135 4194 super
2207 4107 2458 4194 portas
2530 4107 2603 4167 et
2677 4085 3007 4167 belfredo
3078 4088 3211 4195 (3)
3284 4107 3357 4168 et
3426 4086 3871 4192 batagleriis.
3950 4089 4088 4168 nisi
4165 4091 4411 4168 essent

1233 4250 1583 4331 custodes
1636 4249 1983 4329 comunis
2036 4245 2211 4327 ville
2269 4265 2342 4325 et
2399 4246 2536 4325 nisi
2595 4245 2689 4325 de
2744 4245 3038 4325 licentia
3078 4245 3466 4349 potestatis
3504 4244 3638 4325 sub
3677 4272 3866 4350 pena
3904 4245 4319 4325 solidorum
4360 4272 4412 4325 x

1233 4409 1663 4490 astensium.
1706 4425 1778 4486 et
1817 4406 2018 4511 quod
2077 4432 2232 4485 non
2288 4404 2526 4509 possit
2582 4405 2945 4483 excussari
3004 4423 3302 4508 propter
3357 4405 3728 4483 minorem
3787 4423 4086 4484 etatem.
4129 4404 4221 4483 Et
4260 4405 4413 4509 qui-

1237 4565 1415 4646 libet
1467 4566 1705 4671 possit
1761 4564 1934 4644 inde
1990 4589 2328 4643 accusare
2387 4580 2460 4641 et
2515 4562 2582 4641 ei
2640 4562 3058 4640 iuramento
3115 4561 3469 4641 credatur.
3558 4563 3647 4641 Et
3714 4561 4037 4670 quelibet
4093 4535 4411 4667 persona

1237 4743 1583 4806 extranea
1640 4722 1882 4804 soluat
1909 4749 2044 4827 pro
2074 4748 2262 4826 pena
2292 4719 2579 4801 solidos
2607 4746 2710 4801 xx
2747 4740 3077 4801 astenses
3113 4722 3174 4801 si
3211 4719 3620 4801 ascenderit
3657 4741 3907 4825 portas
3962 4724 4412 4801 baennarum
4470 4792 4475 4795 ,

1232 4903 1572 4988 tempore
1629 4879 1931 4961 criafore
1990 4907 2119 4959 seu
2178 4880 2491 4960 strimite
2550 4879 2611 4958 si
2668 4878 2880 4958 fuerit
2937 4879 3151 4958 etatis
3187 4906 3285 4957 xv
3332 4904 3700 4958 annorum
3759 4899 3832 4959 et
3888 4907 4123 4985 supra.
4157 4899 4229 4960 et
4286 4908 4416 4985 po·

1235 5058 1464 5122 testas
1517 5039 1753 5145 possit
1810 5037 1980 5118 inde
2039 5037 2400 5141 inquirere
2458 5058 2532 5116 et
2588 5035 2910 5141 quelibet
2965 5062 3278 5140 persona
3333 5063 3671 5116 accusare
3730 5056 3802 5117 et
3859 5038 3924 5116 ei
3996 5039 4413 5119 iuramento

1236 5199 1592 5279 credatur.
